<?xml version="1.0" encoding="UTF-8"?>
<!DOCTYPE html PUBLIC "-//W3C//DTD XHTML 1.0 Transitional//EN"
    "http://www.w3.org/TR/xhtml1/DTD/xhtml1-transitional.dtd">
<html xmlns="http://www.w3.org/1999/xhtml" xml:lang="en" lang="en">
 <head>
  <title>
</title>
<meta http-equiv="Content-Type" content="text/html;charset=utf-8" />
  <meta name='ocr-system' content='tesseract 3.04.00' />
  <meta name='ocr-capabilities' content='ocr_page ocr_carea ocr_par ocr_line ocrx_word'/>
</head>
<body>
  <div class='ocr_page' id='page_1' title='image "./mtciceronisdeof00cicegoog_0073.png"; bbox 0 0 2670 4296; ppageno 0'>
   <div class='ocr_carea' id='block_1_1' title="bbox 189 179 1234 263">
    <p class='ocr_par' dir='ltr' id='par_1_1' title="bbox 189 179 1234 263">
     <span class='ocr_line' id='line_1_1' title="bbox 189 179 1234 263; baseline -0.007 -17"><span class='ocrx_word' id='word_1_1' title='bbox 189 208 225 246; x_wconf 84' lang='lat'>22</span> <span class='ocrx_word' id='word_1_2' title='bbox 385 186 435 245; x_wconf 74' lang='lat' dir='ltr'>De&#39;</span> <span class='ocrx_word' id='word_1_3' title='bbox 451 187 566 245; x_wconf 80' lang='lat' dir='ltr'>secundo</span> <span class='ocrx_word' id='word_1_4' title='bbox 584 183 667 260; x_wconf 78' lang='lat' dir='ltr'>officii</span> <span class='ocrx_word' id='word_1_5' title='bbox 675 185 760 261; x_wconf 82' lang='lat' dir='ltr'>sonte</span> <span class='ocrx_word' id='word_1_6' title='bbox 776 184 836 243; x_wconf 78' lang='lat' dir='ltr'>siae</span> <span class='ocrx_word' id='word_1_7' title='bbox 853 183 1035 260; x_wconf 76' lang='lat' dir='ltr'>Beneficenttio</span> <span class='ocrx_word' id='word_1_8' title='bbox 1070 179 1234 263; x_wconf 75' lang='lat' dir='ltr'>[1xv1155</span> 
     </span>
    </p>
   </div>
   <div class='ocr_carea' id='block_1_2' title="bbox 187 354 1276 1406">
    <p class='ocr_par' dir='ltr' id='par_1_2' title="bbox 187 354 1276 1406">
     <span class='ocr_line' id='line_1_2' title="bbox 187 354 1234 433; baseline -0.002 -15"><span class='ocrx_word' id='word_1_9' title='bbox 187 358 358 420; x_wconf 89' lang='lat' dir='ltr'>communia</span> <span class='ocrx_word' id='word_1_10' title='bbox 379 359 487 420; x_wconf 88' lang='lat' dir='ltr'>omnia.</span> <span class='ocrx_word' id='word_1_11' title='bbox 530 359 568 419; x_wconf 90' lang='lat' dir='ltr'>Id</span> <span class='ocrx_word' id='word_1_12' title='bbox 590 370 690 417; x_wconf 86' lang='lat' dir='ltr'>autern</span> <span class='ocrx_word' id='word_1_13' title='bbox 713 367 758 416; x_wconf 90' lang='lat' dir='ltr'>est</span> <span class='ocrx_word' id='word_1_14' title='bbox 785 355 961 433; x_wconf 91' lang='lat' dir='ltr'>principium</span> <span class='ocrx_word' id='word_1_15' title='bbox 988 356 1067 416; x_wconf 91' lang='lat' dir='ltr'>urbis</span> <span class='ocrx_word' id='word_1_16' title='bbox 1092 367 1122 417; x_wconf 91' lang='lat' dir='ltr'>et</span> <span class='ocrx_word' id='word_1_17' title='bbox 1149 354 1234 433; x_wconf 85' lang='lat' dir='ltr'>quasi</span> 
     </span>
     <span class='ocr_line' id='line_1_3' title="bbox 187 452 1234 531; baseline -0.003 -16"><span class='ocrx_word' id='word_1_18' title='bbox 187 454 377 515; x_wconf 88' lang='lat' dir='ltr'>seminarium</span> <span class='ocrx_word' id='word_1_19' title='bbox 390 454 432 514; x_wconf 92' lang='lat' dir='ltr'>rei</span> <span class='ocrx_word' id='word_1_20' title='bbox 445 453 588 531; x_wconf 89' lang='lat' dir='ltr'>publicae.</span> <span class='ocrx_word' id='word_1_21' title='bbox 611 456 779 529; x_wconf 88' lang='lat' dir='ltr'>Sequuntur</span> <span class='ocrx_word' id='word_1_22' title='bbox 789 456 909 513; x_wconf 85' lang='lat' dir='ltr'>fratrum</span> <span class='ocrx_word' id='word_1_23' title='bbox 922 452 1155 525; x_wconf 87' lang='lat' dir='ltr'>coniunctiones,</span> <span class='ocrx_word' id='word_1_24' title='bbox 1166 464 1234 530; x_wconf 92' lang='lat' dir='ltr'>post</span> 
     </span>
     <span class='ocr_line' id='line_1_4' title="bbox 187 551 1233 629; baseline -0.004 -15"><span class='ocrx_word' id='word_1_25' title='bbox 187 554 431 615; x_wconf 87' lang='lat' dir='ltr'>consobrinorum</span> <span class='ocrx_word' id='word_1_26' title='bbox 439 553 691 629; x_wconf 90' lang='lat' dir='ltr'>sobrinorumque‚</span> <span class='ocrx_word' id='word_1_27' title='bbox 704 552 755 628; x_wconf 92' lang='lat' dir='ltr'>qui</span> <span class='ocrx_word' id='word_1_28' title='bbox 768 573 837 611; x_wconf 91' lang='lat' dir='ltr'>cum</span> <span class='ocrx_word' id='word_1_29' title='bbox 846 572 906 612; x_wconf 92' lang='lat' dir='ltr'>una</span> <span class='ocrx_word' id='word_1_30' title='bbox 919 554 1010 612; x_wconf 92' lang='lat' dir='ltr'>domo</span> <span class='ocrx_word' id='word_1_31' title='bbox 1024 552 1084 611; x_wconf 92' lang='lat' dir='ltr'>iam</span> <span class='ocrx_word' id='word_1_32' title='bbox 1097 551 1164 629; x_wconf 90' lang='lat' dir='ltr'>capi</span> <span class='ocrx_word' id='word_1_33' title='bbox 1172 570 1233 611; x_wconf 92' lang='lat' dir='ltr'>non</span> 
     </span>
     <span class='ocr_line' id='line_1_5' title="bbox 187 650 1233 729; baseline -0.002 -17"><span class='ocrx_word' id='word_1_34' title='bbox 187 651 355 729; x_wconf 87' lang='lat' dir='ltr'>possint,.in</span> <span class='ocrx_word' id='word_1_35' title='bbox 369 651 440 710; x_wconf 91' lang='lat' dir='ltr'>alias</span> <span class='ocrx_word' id='word_1_36' title='bbox 454 652 560 711; x_wconf 92' lang='lat' dir='ltr'>domos</span> <span class='ocrx_word' id='word_1_37' title='bbox 575 661 727 726; x_wconf 86' lang='lat' dir='ltr'>tamquam</span> <span class='ocrx_word' id='word_1_38' title='bbox 741 650 772 708; x_wconf 92' lang='lat' dir='ltr'>in</span> <span class='ocrx_word' id='word_1_39' title='bbox 786 650 917 710; x_wconf 91' lang='lat' dir='ltr'>colonias</span> <span class='ocrx_word' id='word_1_40' title='bbox 926 661 1042 710; x_wconf 82' lang='lat' dir='ltr'>exeunt</span> <span class='ocrx_word' id='word_1_41' title='bbox 1065 652 1233 727; x_wconf 82' lang='lat' dir='ltr'>Sequuntur</span> 
     </span>
     <span class='ocr_line' id='line_1_6' title="bbox 188 747 1276 825; baseline 0 -18"><span class='ocrx_word' id='word_1_42' title='bbox 188 747 317 808; x_wconf 91' lang='lat' dir='ltr'>conubia</span> <span class='ocrx_word' id='word_1_43' title='bbox 329 759 359 808; x_wconf 93' lang='lat' dir='ltr'>et</span> <span class='ocrx_word' id='word_1_44' title='bbox 373 747 546 820; x_wconf 86' lang='lat' dir='ltr'>adfinitates,</span> <span class='ocrx_word' id='word_1_45' title='bbox 557 767 594 807; x_wconf 91' lang='lat' dir='ltr'>ex</span> <span class='ocrx_word' id='word_1_46' title='bbox 608 747 714 823; x_wconf 91' lang='lat' dir='ltr'>quibus</span> <span class='ocrx_word' id='word_1_47' title='bbox 728 747 818 807; x_wconf 89' lang='lat' dir='ltr'>etiarn</span> <span class='ocrx_word' id='word_1_48' title='bbox 831 749 928 825; x_wconf 92' lang='lat' dir='ltr'>plures</span> <span class='ocrx_word' id='word_1_49' title='bbox 938 747 1103 825; x_wconf 89' lang='lat' dir='ltr'>propinqui.</span> <span class='ocrx_word' id='word_1_50' title='bbox 1147 748 1233 821; x_wconf 86' lang='lat' dir='ltr'>Quae</span> <span class='ocrx_word' id='word_1_51' title='bbox 1263 776 1276 823; x_wconf 83' lang='lat'>⁵</span> 
     </span>
     <span class='ocr_line' id='line_1_7' title="bbox 188 844 1233 923; baseline 0 -19"><span class='ocrx_word' id='word_1_52' title='bbox 188 845 358 923; x_wconf 87' lang='lat' dir='ltr'>propagatio</span> <span class='ocrx_word' id='word_1_53' title='bbox 375 857 404 905; x_wconf 94' lang='lat' dir='ltr'>et</span> <span class='ocrx_word' id='word_1_54' title='bbox 425 845 542 904; x_wconf 89' lang='lat' dir='ltr'>suboles</span> <span class='ocrx_word' id='word_1_55' title='bbox 564 844 645 922; x_wconf 87' lang='lat' dir='ltr'>origo</span> <span class='ocrx_word' id='word_1_56' title='bbox 665 856 709 905; x_wconf 90' lang='lat' dir='ltr'>est</span> <span class='ocrx_word' id='word_1_57' title='bbox 729 864 826 904; x_wconf 89' lang='lat' dir='ltr'>rerum</span> <span class='ocrx_word' id='word_1_58' title='bbox 846 844 1036 922; x_wconf 79' lang='lat' dir='ltr'>publicarum.</span> <span class='ocrx_word' id='word_1_59' title='bbox 1078 844 1233 922; x_wconf 87' lang='lat' dir='ltr'>Sanguinis</span> 
     </span>
     <span class='ocr_line' id='line_1_8' title="bbox 188 942 1230 1004; baseline 0.001 -2"><span class='ocrx_word' id='word_1_60' title='bbox 188 954 288 1003; x_wconf 91' lang='lat' dir='ltr'>autem</span> <span class='ocrx_word' id='word_1_61' title='bbox 302 943 472 1003; x_wconf 91' lang='lat' dir='ltr'>coniunctio</span> <span class='ocrx_word' id='word_1_62' title='bbox 486 955 516 1002; x_wconf 91' lang='lat' dir='ltr'>et</span> <span class='ocrx_word' id='word_1_63' title='bbox 529 942 736 1002; x_wconf 88' lang='lat' dir='ltr'>benevolentia</span> <span class='ocrx_word' id='word_1_64' title='bbox 754 942 883 1002; x_wconf 89' lang='lat' dir='ltr'>devincit</span> <span class='ocrx_word' id='word_1_65' title='bbox 902 942 1037 1003; x_wconf 92' lang='lat' dir='ltr'>homines</span> <span class='ocrx_word' id='word_1_66' title='bbox 1054 954 1084 1002; x_wconf 93' lang='lat' dir='ltr'>et</span> <span class='ocrx_word' id='word_1_67' title='bbox 1102 942 1230 1004; x_wconf 86' lang='lat' dir='ltr'>caritate.</span> 
     </span>
     <span class='ocr_line' id='line_1_9' title="bbox 190 1038 1231 1117; baseline 0 -20"><span class='ocrx_word' id='word_1_68' title='bbox 190 1055 236 1115; x_wconf 84' lang='lat'>55.</span> <span class='ocrx_word' id='word_1_69' title='bbox 279 1040 424 1117; x_wconf 85' lang='lat' dir='ltr'>Magnum</span> <span class='ocrx_word' id='word_1_70' title='bbox 444 1049 489 1099; x_wconf 94' lang='lat' dir='ltr'>est</span> <span class='ocrx_word' id='word_1_71' title='bbox 509 1039 588 1099; x_wconf 89' lang='lat' dir='ltr'>enim</span> <span class='ocrx_word' id='word_1_72' title='bbox 609 1041 715 1100; x_wconf 88' lang='lat' dir='ltr'>eadem</span> <span class='ocrx_word' id='word_1_73' title='bbox 736 1039 844 1100; x_wconf 90' lang='lat' dir='ltr'>habere</span> <span class='ocrx_word' id='word_1_74' title='bbox 864 1050 1057 1098; x_wconf 89' lang='lat' dir='ltr'>monumenta</span> <span class='ocrx_word' id='word_1_75' title='bbox 1077 1038 1231 1112; x_wconf 87' lang='lat' dir='ltr'>maiorum,</span> 
     </span>
     <span class='ocr_line' id='line_1_10' title="bbox 188 1126 1232 1215; baseline -0.003 -18"><span class='ocrx_word' id='word_1_76' title='bbox 188 1137 301 1197; x_wconf 90' lang='lat' dir='ltr'>eisdem</span> <span class='ocrx_word' id='word_1_77' title='bbox 321 1137 365 1196; x_wconf 91' lang='lat' dir='ltr'>uti</span> <span class='ocrx_word' id='word_1_78' title='bbox 385 1137 481 1210; x_wconf 86' lang='lat' dir='ltr'>sacris,</span> <span class='ocrx_word' id='word_1_79' title='bbox 498 1126 654 1215; x_wconf 86' lang='lat' dir='ltr'>sepulchra</span> <span class='ocrx_word' id='word_1_80' title='bbox 672 1139 780 1198; x_wconf 91' lang='lat' dir='ltr'>habere</span> <span class='ocrx_word' id='word_1_81' title='bbox 801 1135 979 1197; x_wconf 88' lang='lat' dir='ltr'>communia.</span> <span class='ocrx_word' id='word_1_82' title='bbox 1021 1137 1080 1195; x_wconf 92' lang='lat' dir='ltr'>Sed</span> <span class='ocrx_word' id='word_1_83' title='bbox 1097 1134 1232 1195; x_wconf 86' lang='lat' dir='ltr'>omniurn</span> 
     </span>
     <span class='ocr_line' id='line_1_11' title="bbox 438 1231 1276 1311; baseline -0.002 -17"><span class='ocrx_word' id='word_1_84' title='bbox 438 1235 609 1294; x_wconf 88' lang='lat' dir='ltr'>societatem</span> <span class='ocrx_word' id='word_1_85' title='bbox 628 1237 708 1294; x_wconf 90' lang='lat' dir='ltr'>nulla</span> <span class='ocrx_word' id='word_1_86' title='bbox 728 1232 920 1311; x_wconf 88' lang='lat' dir='ltr'>praestantior</span> <span class='ocrx_word' id='word_1_87' title='bbox 937 1244 990 1305; x_wconf 89' lang='lat' dir='ltr'>est,</span> <span class='ocrx_word' id='word_1_88' title='bbox 1010 1234 1092 1291; x_wconf 91' lang='lat' dir='ltr'>nulla</span> <span class='ocrx_word' id='word_1_89' title='bbox 1111 1231 1231 1305; x_wconf 80' lang='lat' dir='ltr'>firmior,</span> <span class='ocrx_word' id='word_1_90' title='bbox 1246 1257 1276 1292; x_wconf 88' lang='lat' dir='ltr'>ro</span> 
     </span>
     <span class='ocr_line' id='line_1_12' title="bbox 201 1323 1232 1406; baseline -0.003 -15"><span class='ocrx_word' id='word_1_91' title='bbox 201 1323 399 1365; x_wconf 61' lang='lat' dir='ltr'>Th⁸¹³f¹¹¹0⁸¹b⁰¹¹d</span> <span class='ocrx_word' id='word_1_92' title='bbox 437 1349 527 1406; x_wconf 90' lang='lat' dir='ltr'>quam</span> <span class='ocrx_word' id='word_1_93' title='bbox 541 1352 610 1391; x_wconf 92' lang='lat' dir='ltr'>cum</span> <span class='ocrx_word' id='word_1_94' title='bbox 624 1331 678 1390; x_wconf 88' lang='lat' dir='ltr'>viri</span> <span class='ocrx_word' id='word_1_95' title='bbox 690 1330 762 1390; x_wconf 92' lang='lat' dir='ltr'>boni</span> <span class='ocrx_word' id='word_1_96' title='bbox 776 1329 906 1388; x_wconf 91' lang='lat' dir='ltr'>moribus</span> <span class='ocrx_word' id='word_1_97' title='bbox 924 1328 1033 1389; x_wconf 85' lang='lat' dir='ltr'>similes</span> <span class='ocrx_word' id='word_1_98' title='bbox 1047 1340 1115 1388; x_wconf 91' lang='lat' dir='ltr'>sunt</span> <span class='ocrx_word' id='word_1_99' title='bbox 1129 1329 1232 1388; x_wconf 83' lang='lat' dir='ltr'>famili·</span> 
     </span>
    </p>
   </div>
   <div class='ocr_carea' id='block_1_3' title="bbox 188 1374 402 1415">
    <p class='ocr_par' dir='ltr' id='par_1_3' title="bbox 188 1374 402 1415">
     <span class='ocr_line' id='line_1_13' title="bbox 188 1374 402 1415; baseline 0.005 -1"><span class='ocrx_word' id='word_1_100' title='bbox 188 1374 213 1414; x_wconf 72' lang='lat' dir='ltr'>ol*</span> <span class='ocrx_word' id='word_1_101' title='bbox 219 1374 281 1414; x_wconf 89' lang='lat' dir='ltr'>nnion</span> <span class='ocrx_word' id='word_1_102' title='bbox 291 1375 308 1414; x_wconf 89' lang='lat' dir='ltr'>is</span> <span class='ocrx_word' id='word_1_103' title='bbox 321 1375 366 1415; x_wconf 86' lang='lat' dir='ltr'>that</span> <span class='ocrx_word' id='word_1_104' title='bbox 378 1375 402 1415; x_wconf 81' lang='lat' dir='ltr'>os</span> 
     </span>
    </p>
   </div>
   <div class='ocr_carea' id='block_1_4' title="bbox 183 1425 1273 3442">
    <p class='ocr_par' dir='ltr' id='par_1_4' title="bbox 183 1425 1273 3442">
     <span class='ocr_line' id='line_1_14' title="bbox 187 1425 1231 1526; baseline 0 -39"><span class='ocrx_word' id='word_1_105' title='bbox 187 1425 320 1526; x_wconf 54' lang='lat' dir='ltr'>(wffiggg</span> <span class='ocrx_word' id='word_1_106' title='bbox 328 1425 400 1516; x_wconf 47' lang='lat' dir='ltr'>meg?</span> <span class='ocrx_word' id='word_1_107' title='bbox 437 1429 539 1489; x_wconf 90' lang='lat' dir='ltr'>aritate</span> <span class='ocrx_word' id='word_1_108' title='bbox 559 1427 717 1488; x_wconf 91' lang='lat' dir='ltr'>coniuncti.</span> <span class='ocrx_word' id='word_1_109' title='bbox 761 1427 842 1486; x_wconf 94' lang='lat' dir='ltr'>Illud</span> <span class='ocrx_word' id='word_1_110' title='bbox 862 1425 942 1486; x_wconf 89' lang='lat' dir='ltr'>enim</span> <span class='ocrx_word' id='word_1_111' title='bbox 962 1426 1129 1499; x_wconf 90' lang='lat' dir='ltr'>honestum,</span> <span class='ocrx_word' id='word_1_112' title='bbox 1148 1427 1231 1502; x_wconf 90' lang='lat' dir='ltr'>quod</span> 
     </span>
     <span class='ocr_line' id='line_1_15' title="bbox 435 1521 1229 1607; baseline -0.005 -21"><span class='ocrx_word' id='word_1_113' title='bbox 435 1546 522 1603; x_wconf 91' lang='lat' dir='ltr'>saepe</span> <span class='ocrx_word' id='word_1_114' title='bbox 538 1526 671 1599; x_wconf 77' lang='lat' dir='ltr'>dicimus,</span> <span class='ocrx_word' id='word_1_115' title='bbox 681 1525 770 1586; x_wconf 91' lang='lat' dir='ltr'>etiam</span> <span class='ocrx_word' id='word_1_116' title='bbox 784 1524 809 1583; x_wconf 92' lang='lat' dir='ltr'>si</span> <span class='ocrx_word' id='word_1_117' title='bbox 823 1523 854 1583; x_wconf 93' lang='lat' dir='ltr'>in</span> <span class='ocrx_word' id='word_1_118' title='bbox 864 1523 922 1583; x_wconf 89' lang='lat' dir='ltr'>alio</span> <span class='ocrx_word' id='word_1_119' title='bbox 937 1523 1092 1595; x_wconf 84' lang='lat' dir='ltr'>cernimus,</span> <span class='ocrx_word' id='word_1_120' title='bbox 1106 1521 1229 1607; x_wconf 87' lang='lat' dir='ltr'>[tamen]</span> 
     </span>
     <span class='ocr_line' id='line_1_16' title="bbox 188 1620 1230 1700; baseline -0.001 -18"><span class='ocrx_word' id='word_1_121' title='bbox 188 1642 242 1683; x_wconf 90' lang='lat' dir='ltr'>nos</span> <span class='ocrx_word' id='word_1_122' title='bbox 265 1634 365 1684; x_wconf 92' lang='lat' dir='ltr'>movet</span> <span class='ocrx_word' id='word_1_123' title='bbox 388 1635 477 1700; x_wconf 91' lang='lat' dir='ltr'>atque</span> <span class='ocrx_word' id='word_1_124' title='bbox 501 1624 550 1697; x_wconf 88' lang='lat' dir='ltr'>illi,</span> <span class='ocrx_word' id='word_1_125' title='bbox 575 1623 607 1683; x_wconf 90' lang='lat' dir='ltr'>in</span> <span class='ocrx_word' id='word_1_126' title='bbox 627 1644 687 1700; x_wconf 91' lang='lat' dir='ltr'>quo</span> <span class='ocrx_word' id='word_1_127' title='bbox 707 1622 739 1681; x_wconf 95' lang='lat' dir='ltr'>id</span> <span class='ocrx_word' id='word_1_128' title='bbox 758 1621 854 1682; x_wconf 92' lang='lat' dir='ltr'>inesse</span> <span class='ocrx_word' id='word_1_129' title='bbox 874 1621 998 1693; x_wconf 88' lang='lat' dir='ltr'>videtur,</span> <span class='ocrx_word' id='word_1_130' title='bbox 1019 1620 1130 1681; x_wconf 90' lang='lat' dir='ltr'>amicos</span> <span class='ocrx_word' id='word_1_131' title='bbox 1151 1621 1230 1682; x_wconf 90' lang='lat' dir='ltr'>facit.-</span> 
     </span>
     <span class='ocr_line' id='line_1_17' title="bbox 189 1716 1272 1795; baseline -0.004 -19"><span class='ocrx_word' id='word_1_132' title='bbox 189 1720 239 1794; x_wconf 86' lang='lat'>56.</span> <span class='ocrx_word' id='word_1_133' title='bbox 280 1722 318 1780; x_wconf 91' lang='lat' dir='ltr'>Et</span> <span class='ocrx_word' id='word_1_134' title='bbox 339 1738 518 1795; x_wconf 90' lang='lat' dir='ltr'>quamquam</span> <span class='ocrx_word' id='word_1_135' title='bbox 539 1719 635 1779; x_wconf 91' lang='lat' dir='ltr'>omnis</span> <span class='ocrx_word' id='word_1_136' title='bbox 656 1719 745 1778; x_wconf 91' lang='lat' dir='ltr'>virtus</span> <span class='ocrx_word' id='word_1_137' title='bbox 766 1737 821 1777; x_wconf 93' lang='lat' dir='ltr'>nos</span> <span class='ocrx_word' id='word_1_138' title='bbox 841 1719 881 1777; x_wconf 92' lang='lat' dir='ltr'>ad</span> <span class='ocrx_word' id='word_1_139' title='bbox 897 1737 928 1776; x_wconf 93' lang='lat' dir='ltr'>se</span> <span class='ocrx_word' id='word_1_140' title='bbox 945 1716 1034 1776; x_wconf 89' lang='lat' dir='ltr'>allicit</span> <span class='ocrx_word' id='word_1_141' title='bbox 1054 1716 1182 1793; x_wconf 82' lang='lat' dir='ltr'>facitque</span> <span class='ocrx_word' id='word_1_142' title='bbox 1196 1729 1229 1778; x_wconf 90' lang='lat' dir='ltr'>ut</span> <span class='ocrx_word' id='word_1_143' title='bbox 1243 1737 1272 1787; x_wconf 83' lang='lat'>¹⁵</span> 
     </span>
     <span class='ocr_line' id='line_1_18' title="bbox 187 1813 1229 1893; baseline -0.002 -19"><span class='ocrx_word' id='word_1_144' title='bbox 187 1833 238 1874; x_wconf 89' lang='lat' dir='ltr'>eos</span> <span class='ocrx_word' id='word_1_145' title='bbox 260 1815 415 1893; x_wconf 86' lang='lat' dir='ltr'>diligamus</span> <span class='ocrx_word' id='word_1_146' title='bbox 431 1815 462 1874; x_wconf 94' lang='lat' dir='ltr'>in</span> <span class='ocrx_word' id='word_1_147' title='bbox 478 1815 585 1891; x_wconf 89' lang='lat' dir='ltr'>quibus</span> <span class='ocrx_word' id='word_1_148' title='bbox 604 1816 667 1892; x_wconf 90' lang='lat' dir='ltr'>ipsa</span> <span class='ocrx_word' id='word_1_149' title='bbox 680 1815 775 1874; x_wconf 91' lang='lat' dir='ltr'>inesse</span> <span class='ocrx_word' id='word_1_150' title='bbox 791 1814 932 1886; x_wconf 88' lang='lat' dir='ltr'>videatur,</span> <span class='ocrx_word' id='word_1_151' title='bbox 955 1826 1053 1873; x_wconf 88' lang='lat' dir='ltr'>tamen</span> <span class='ocrx_word' id='word_1_152' title='bbox 1072 1813 1181 1874; x_wconf 90' lang='lat' dir='ltr'>iustitia</span> <span class='ocrx_word' id='word_1_153' title='bbox 1198 1823 1229 1874; x_wconf 90' lang='lat' dir='ltr'>et</span> 
     </span>
     <span class='ocr_line' id='line_1_19' title="bbox 186 1909 1228 1972; baseline 0.003 -5"><span class='ocrx_word' id='word_1_154' title='bbox 186 1909 342 1970; x_wconf 87' lang='lat' dir='ltr'>liberalitas</span> <span class='ocrx_word' id='word_1_155' title='bbox 363 1911 395 1970; x_wconf 95' lang='lat' dir='ltr'>id</span> <span class='ocrx_word' id='word_1_156' title='bbox 414 1911 542 1972; x_wconf 90' lang='lat' dir='ltr'>maxime</span> <span class='ocrx_word' id='word_1_157' title='bbox 562 1911 658 1972; x_wconf 87' lang='lat' dir='ltr'>efficit.</span> <span class='ocrx_word' id='word_1_158' title='bbox 701 1911 784 1971; x_wconf 90' lang='lat' dir='ltr'>Nihil</span> <span class='ocrx_word' id='word_1_159' title='bbox 804 1922 904 1970; x_wconf 90' lang='lat' dir='ltr'>autem</span> <span class='ocrx_word' id='word_1_160' title='bbox 926 1922 970 1970; x_wconf 89' lang='lat' dir='ltr'>est</span> <span class='ocrx_word' id='word_1_161' title='bbox 992 1910 1144 1970; x_wconf 89' lang='lat' dir='ltr'>amabilius</span> <span class='ocrx_word' id='word_1_162' title='bbox 1172 1929 1228 1970; x_wconf 92' lang='lat' dir='ltr'>nec</span> 
     </span>
     <span class='ocr_line' id='line_1_20' title="bbox 186 1993 1228 2084; baseline 0.004 -19"><span class='ocrx_word' id='word_1_163' title='bbox 186 2007 350 2084; x_wconf 87' lang='lat' dir='ltr'>copulatius</span> <span class='ocrx_word' id='word_1_164' title='bbox 365 2027 454 2084; x_wconf 90' lang='lat' dir='ltr'>quam</span> <span class='ocrx_word' id='word_1_165' title='bbox 468 2029 584 2068; x_wconf 88' lang='lat' dir='ltr'>morum</span> <span class='ocrx_word' id='word_1_166' title='bbox 603 2008 764 2068; x_wconf 89' lang='lat' dir='ltr'>similitudo</span> <span class='ocrx_word' id='word_1_167' title='bbox 784 1993 938 2068; x_wconf 89' lang='lat' dir='ltr'>bonorum.</span> <span class='ocrx_word' id='word_1_168' title='bbox 976 2010 1013 2067; x_wconf 93' lang='lat' dir='ltr'>In</span> <span class='ocrx_word' id='word_1_169' title='bbox 1027 2007 1133 2084; x_wconf 93' lang='lat' dir='ltr'>quibus</span> <span class='ocrx_word' id='word_1_170' title='bbox 1147 2008 1228 2070; x_wconf 90' lang='lat' dir='ltr'>enim</span> 
     </span>
     <span class='ocr_line' id='line_1_21' title="bbox 186 2106 1228 2184; baseline 0.003 -19"><span class='ocrx_word' id='word_1_171' title='bbox 186 2108 291 2166; x_wconf 88' lang='lat' dir='ltr'>eadem</span> <span class='ocrx_word' id='word_1_172' title='bbox 312 2108 409 2167; x_wconf 90' lang='lat' dir='ltr'>studia</span> <span class='ocrx_word' id='word_1_173' title='bbox 427 2120 503 2181; x_wconf 90' lang='lat' dir='ltr'>sunt,</span> <span class='ocrx_word' id='word_1_174' title='bbox 519 2110 642 2168; x_wconf 90' lang='lat' dir='ltr'>eaedem</span> <span class='ocrx_word' id='word_1_175' title='bbox 654 2110 829 2179; x_wconf 88' lang='lat' dir='ltr'>voluntates,</span> <span class='ocrx_word' id='word_1_176' title='bbox 844 2106 875 2165; x_wconf 92' lang='lat' dir='ltr'>in</span> <span class='ocrx_word' id='word_1_177' title='bbox 892 2106 928 2166; x_wconf 93' lang='lat' dir='ltr'>iis</span> <span class='ocrx_word' id='word_1_178' title='bbox 946 2108 979 2166; x_wconf 88' lang='lat' dir='ltr'>fit</span> <span class='ocrx_word' id='word_1_179' title='bbox 997 2117 1030 2165; x_wconf 91' lang='lat' dir='ltr'>ut</span> <span class='ocrx_word' id='word_1_180' title='bbox 1043 2126 1137 2182; x_wconf 91' lang='lat' dir='ltr'>aeque</span> <span class='ocrx_word' id='word_1_181' title='bbox 1152 2106 1228 2184; x_wconf 91' lang='lat' dir='ltr'>quis·</span> 
     </span>
     <span class='ocr_line' id='line_1_22' title="bbox 187 2201 1273 2281; baseline -0.003 -19"><span class='ocrx_word' id='word_1_182' title='bbox 187 2222 245 2280; x_wconf 90' lang='lat' dir='ltr'>que</span> <span class='ocrx_word' id='word_1_183' title='bbox 259 2204 350 2263; x_wconf 87' lang='lat' dir='ltr'>altero</span> <span class='ocrx_word' id='word_1_184' title='bbox 362 2204 522 2264; x_wconf 88' lang='lat' dir='ltr'>delectetur</span> <span class='ocrx_word' id='word_1_185' title='bbox 535 2224 570 2264; x_wconf 90' lang='lat' dir='ltr'>ac</span> <span class='ocrx_word' id='word_1_186' title='bbox 584 2223 615 2264; x_wconf 87' lang='lat' dir='ltr'>sc</span> <span class='ocrx_word' id='word_1_187' title='bbox 629 2203 703 2280; x_wconf 67' lang='lat' dir='ltr'>ipso</span> <span class='ocrx_word' id='word_1_188' title='bbox 715 2203 896 2278; x_wconf 87' lang='lat' dir='ltr'>efficiturque</span> <span class='ocrx_word' id='word_1_189' title='bbox 910 2201 942 2262; x_wconf 92' lang='lat' dir='ltr'>id</span> <span class='ocrx_word' id='word_1_190' title='bbox 951 2202 1034 2278; x_wconf 93' lang='lat' dir='ltr'>quod</span> <span class='ocrx_word' id='word_1_191' title='bbox 1048 2205 1227 2281; x_wconf 88' lang='lat' dir='ltr'>Pythagoras</span> <span class='ocrx_word' id='word_1_192' title='bbox 1240 2225 1273 2260; x_wconf 74' lang='lat' dir='ltr'>oo</span> 
     </span>
     <span class='ocr_line' id='line_1_23' title="bbox 436 2299 1228 2380; baseline -0.001 -17"><span class='ocrx_word' id='word_1_193' title='bbox 436 2306 498 2363; x_wconf 92' lang='lat' dir='ltr'>vult</span> <span class='ocrx_word' id='word_1_194' title='bbox 511 2303 542 2362; x_wconf 93' lang='lat' dir='ltr'>in</span> <span class='ocrx_word' id='word_1_195' title='bbox 556 2303 692 2375; x_wconf 86' lang='lat' dir='ltr'>amicitia,</span> <span class='ocrx_word' id='word_1_196' title='bbox 707 2313 740 2362; x_wconf 92' lang='lat' dir='ltr'>ut</span> <span class='ocrx_word' id='word_1_197' title='bbox 750 2321 827 2361; x_wconf 90' lang='lat' dir='ltr'>unus</span> <span class='ocrx_word' id='word_1_198' title='bbox 840 2303 890 2360; x_wconf 90' lang='lat' dir='ltr'>fiat</span> <span class='ocrx_word' id='word_1_199' title='bbox 904 2299 1092 2377; x_wconf 84' lang='lat' dir='ltr'>expluribus.</span> <span class='ocrx_word' id='word_1_200' title='bbox 1116 2303 1228 2380; x_wconf 81' lang='lat' dir='ltr'>Magna</span> 
     </span>
     <span class='ocr_line' id='line_1_24' title="bbox 185 2366 1228 2472; baseline 0.003 -15"><span class='ocrx_word' id='word_1_201' title='bbox 185 2366 403 2459; x_wconf 53' lang='lat' dir='ltr'>iiiiiiscsisanaiitnii</span> <span class='ocrx_word' id='word_1_202' title='bbox 437 2398 526 2458; x_wconf 88' lang='lat' dir='ltr'>etiarn</span> <span class='ocrx_word' id='word_1_203' title='bbox 552 2399 602 2457; x_wconf 88' lang='lat' dir='ltr'>illa</span> <span class='ocrx_word' id='word_1_204' title='bbox 627 2397 824 2457; x_wconf 89' lang='lat' dir='ltr'>communitas</span> <span class='ocrx_word' id='word_1_205' title='bbox 851 2407 895 2455; x_wconf 93' lang='lat' dir='ltr'>est</span> <span class='ocrx_word' id='word_1_206' title='bbox 919 2415 995 2472; x_wconf 89' lang='lat' dir='ltr'>quae</span> <span class='ocrx_word' id='word_1_207' title='bbox 1017 2397 1171 2457; x_wconf 90' lang='lat' dir='ltr'>conficitur</span> <span class='ocrx_word' id='word_1_208' title='bbox 1191 2418 1228 2460; x_wconf 83' lang='lat' dir='ltr'>ex</span> 
     </span>
     <span class='ocr_line' id='line_1_25' title="bbox 186 2467 1227 2570; baseline 0.002 -16"><span class='ocrx_word' id='word_1_209' title='bbox 186 2467 249 2509; x_wconf 50' lang='grc' dir='ltr'>Μ’</span> <span class='ocrx_word' id='word_1_210' title='bbox 436 2495 585 2556; x_wconf 89' lang='lat' dir='ltr'>beneficiis</span> <span class='ocrx_word' id='word_1_211' title='bbox 605 2497 682 2556; x_wconf 92' lang='lat' dir='ltr'>ultro</span> <span class='ocrx_word' id='word_1_212' title='bbox 702 2505 732 2555; x_wconf 94' lang='lat' dir='ltr'>et</span> <span class='ocrx_word' id='word_1_213' title='bbox 752 2494 825 2553; x_wconf 91' lang='lat' dir='ltr'>citro</span> <span class='ocrx_word' id='word_1_214' title='bbox 847 2493 922 2553; x_wconf 89' lang='lat' dir='ltr'>datis</span> <span class='ocrx_word' id='word_1_215' title='bbox 942 2493 1078 2570; x_wconf 87' lang='lat' dir='ltr'>acceptis,</span> <span class='ocrx_word' id='word_1_216' title='bbox 1100 2514 1176 2570; x_wconf 89' lang='lat' dir='ltr'>quae</span> <span class='ocrx_word' id='word_1_217' title='bbox 1197 2505 1227 2555; x_wconf 90' lang='lat' dir='ltr'>et</span> 
     </span>
     <span class='ocr_line' id='line_1_26' title="bbox 187 2591 1228 2669; baseline 0.001 -18"><span class='ocrx_word' id='word_1_218' title='bbox 187 2602 289 2652; x_wconf 90' lang='lat' dir='ltr'>mutua</span> <span class='ocrx_word' id='word_1_219' title='bbox 303 2603 332 2652; x_wconf 87' lang='lat' dir='ltr'>ct</span> <span class='ocrx_word' id='word_1_220' title='bbox 345 2602 426 2669; x_wconf 89' lang='lat' dir='ltr'>grata</span> <span class='ocrx_word' id='word_1_221' title='bbox 440 2593 512 2650; x_wconf 92' lang='lat' dir='ltr'>dum</span> <span class='ocrx_word' id='word_1_222' title='bbox 526 2603 602 2666; x_wconf 89' lang='lat' dir='ltr'>sunt,</span> <span class='ocrx_word' id='word_1_223' title='bbox 617 2591 692 2652; x_wconf 92' lang='lat' dir='ltr'>inter</span> <span class='ocrx_word' id='word_1_224' title='bbox 706 2611 780 2669; x_wconf 91' lang='lat' dir='ltr'>quos</span> <span class='ocrx_word' id='word_1_225' title='bbox 794 2611 830 2651; x_wconf 91' lang='lat' dir='ltr'>ea</span> <span class='ocrx_word' id='word_1_226' title='bbox 844 2602 911 2649; x_wconf 92' lang='lat' dir='ltr'>sunt</span> <span class='ocrx_word' id='word_1_227' title='bbox 925 2592 1008 2649; x_wconf 90' lang='lat' dir='ltr'>firma</span> <span class='ocrx_word' id='word_1_228' title='bbox 1022 2591 1228 2652; x_wconf 89' lang='lat' dir='ltr'>devinciuntur</span> 
     </span>
     <span class='ocr_line' id='line_1_27' title="bbox 186 2690 1270 2752; baseline 0.002 -2"><span class='ocrx_word' id='word_1_229' title='bbox 186 2690 333 2751; x_wconf 86' lang='lat' dir='ltr'>societate.</span> <span class='ocrx_word' id='word_1_230' title='bbox 1239 2703 1270 2752; x_wconf 70' lang='grc' dir='ltr'>α5</span> 
     </span>
     <span class='ocr_line' id='line_1_28' title="bbox 247 2784 1226 2863; baseline 0.001 -17"><span class='ocrx_word' id='word_1_231' title='bbox 247 2803 293 2863; x_wconf 85' lang='lat'>57.</span> <span class='ocrx_word' id='word_1_232' title='bbox 335 2788 394 2847; x_wconf 89' lang='lat' dir='ltr'>Sed</span> <span class='ocrx_word' id='word_1_233' title='bbox 414 2806 483 2846; x_wconf 92' lang='lat' dir='ltr'>cum</span> <span class='ocrx_word' id='word_1_234' title='bbox 504 2785 604 2846; x_wconf 89' lang='lat' dir='ltr'>omnia</span> <span class='ocrx_word' id='word_1_235' title='bbox 622 2785 734 2845; x_wconf 92' lang='lat' dir='ltr'>ratione</span> <span class='ocrx_word' id='word_1_236' title='bbox 754 2784 913 2863; x_wconf 91' lang='lat' dir='ltr'>animoque</span> <span class='ocrx_word' id='word_1_237' title='bbox 933 2784 1069 2858; x_wconf 76' lang='lat' dir='ltr'>lustrans,</span> <span class='ocrx_word' id='word_1_238' title='bbox 1091 2785 1226 2847; x_wconf 89' lang='lat' dir='ltr'>omnium</span> 
     </span>
     <span class='ocr_line' id='line_1_29' title="bbox 185 2880 1226 2960; baseline 0.002 -19"><span class='ocrx_word' id='word_1_239' title='bbox 185 2880 359 2941; x_wconf 88' lang='lat' dir='ltr'>societatum</span> <span class='ocrx_word' id='word_1_240' title='bbox 393 2884 474 2941; x_wconf 91' lang='lat' dir='ltr'>nulla</span> <span class='ocrx_word' id='word_1_241' title='bbox 506 2893 551 2942; x_wconf 91' lang='lat' dir='ltr'>est</span> <span class='ocrx_word' id='word_1_242' title='bbox 583 2880 704 2959; x_wconf 88' lang='lat' dir='ltr'>gravior,</span> <span class='ocrx_word' id='word_1_243' title='bbox 733 2884 814 2940; x_wconf 90' lang='lat' dir='ltr'>nulla</span> <span class='ocrx_word' id='word_1_244' title='bbox 840 2881 933 2940; x_wconf 90' lang='lat' dir='ltr'>carior</span> <span class='ocrx_word' id='word_1_245' title='bbox 959 2902 1050 2959; x_wconf 92' lang='lat' dir='ltr'>quam</span> <span class='ocrx_word' id='word_1_246' title='bbox 1076 2902 1120 2957; x_wconf 91' lang='lat' dir='ltr'>ea,</span> <span class='ocrx_word' id='word_1_247' title='bbox 1149 2903 1226 2960; x_wconf 89' lang='lat' dir='ltr'>quae</span> 
     </span>
     <span class='ocr_line' id='line_1_30' title="bbox 197 2976 1227 3055; baseline 0.004 -19"><span class='ocrx_word' id='word_1_248' title='bbox 197 3013 395 3055; x_wconf 46' lang='lat' dir='ltr'>nemmem,</span> <span class='ocrx_word' id='word_1_249' title='bbox 432 2998 501 3037; x_wconf 92' lang='lat' dir='ltr'>cum</span> <span class='ocrx_word' id='word_1_250' title='bbox 521 2997 552 3039; x_wconf 87' lang='lat' dir='ltr'>re</span> <span class='ocrx_word' id='word_1_251' title='bbox 572 2977 690 3054; x_wconf 88' lang='lat' dir='ltr'>publica</span> <span class='ocrx_word' id='word_1_252' title='bbox 713 2987 757 3037; x_wconf 95' lang='lat' dir='ltr'>est</span> <span class='ocrx_word' id='word_1_253' title='bbox 776 2977 829 3036; x_wconf 93' lang='lat' dir='ltr'>uni</span> <span class='ocrx_word' id='word_1_254' title='bbox 848 2976 956 3053; x_wconf 90' lang='lat' dir='ltr'>cuique</span> <span class='ocrx_word' id='word_1_255' title='bbox 973 2991 1113 3038; x_wconf 91' lang='lat' dir='ltr'>nostrum.</span> <span class='ocrx_word' id='word_1_256' title='bbox 1157 2978 1227 3041; x_wconf 89' lang='lat' dir='ltr'>Cari</span> 
     </span>
     <span class='ocr_line' id='line_1_31' title="bbox 185 3063 1225 3155; baseline 0.002 -19"><span class='ocrx_word' id='word_1_257' title='bbox 185 3063 395 3155; x_wconf 53' lang='lat' dir='ltr'>{sssj‘gsslffifissffi</span> <span class='ocrx_word' id='word_1_258' title='bbox 432 3088 500 3137; x_wconf 90' lang='lat' dir='ltr'>sunt</span> <span class='ocrx_word' id='word_1_259' title='bbox 526 3087 670 3153; x_wconf 90' lang='lat' dir='ltr'>parentes,</span> <span class='ocrx_word' id='word_1_260' title='bbox 694 3075 753 3135; x_wconf 90' lang='lat' dir='ltr'>cari</span> <span class='ocrx_word' id='word_1_261' title='bbox 774 3075 858 3135; x_wconf 89' lang='lat' dir='ltr'>liberi</span> <span class='ocrx_word' id='word_1_262' title='bbox 880 3075 1037 3153; x_wconf 90' lang='lat' dir='ltr'>propinqui</span> <span class='ocrx_word' id='word_1_263' title='bbox 1061 3076 1225 3151; x_wconf 71' lang='lat' dir='ltr'>familiares</span> 
     </span>
     <span class='ocr_line' id='line_1_32' title="bbox 187 3164 1271 3250; baseline -0.004 -17"><span class='ocrx_word' id='word_1_264' title='bbox 187 3164 240 3215; x_wconf 44' lang='grc' dir='ltr'>ΜΡ·</span> <span class='ocrx_word' id='word_1_265' title='bbox 430 3175 484 3233; x_wconf 92' lang='lat' dir='ltr'>sed</span> <span class='ocrx_word' id='word_1_266' title='bbox 508 3192 611 3233; x_wconf 88' lang='lat' dir='ltr'>omnes</span> <span class='ocrx_word' id='word_1_267' title='bbox 635 3171 768 3231; x_wconf 91' lang='lat' dir='ltr'>omnium</span> <span class='ocrx_word' id='word_1_268' title='bbox 792 3172 925 3232; x_wconf 89' lang='lat' dir='ltr'>caritates</span> <span class='ocrx_word' id='word_1_269' title='bbox 948 3172 1042 3250; x_wconf 91' lang='lat' dir='ltr'>patria</span> <span class='ocrx_word' id='word_1_270' title='bbox 1064 3193 1124 3234; x_wconf 90' lang='lat' dir='ltr'>una</span> <span class='ocrx_word' id='word_1_271' title='bbox 1145 3193 1271 3244; x_wconf 80' lang='lat' dir='ltr'>com-30</span> 
     </span>
     <span class='ocr_line' id='line_1_33' title="bbox 183 3268 1226 3347; baseline 0.004 -19"><span class='ocrx_word' id='word_1_272' title='bbox 183 3271 270 3346; x_wconf 85' lang='lat' dir='ltr'>plexa</span> <span class='ocrx_word' id='word_1_273' title='bbox 295 3280 348 3343; x_wconf 91' lang='lat' dir='ltr'>est,</span> <span class='ocrx_word' id='word_1_274' title='bbox 372 3289 426 3347; x_wconf 92' lang='lat' dir='ltr'>pro</span> <span class='ocrx_word' id='word_1_275' title='bbox 453 3289 513 3346; x_wconf 90' lang='lat' dir='ltr'>qua</span> <span class='ocrx_word' id='word_1_276' title='bbox 535 3269 601 3345; x_wconf 92' lang='lat' dir='ltr'>quis</span> <span class='ocrx_word' id='word_1_277' title='bbox 622 3270 718 3328; x_wconf 89' lang='lat' dir='ltr'>bonus</span> <span class='ocrx_word' id='word_1_278' title='bbox 742 3268 856 3328; x_wconf 91' lang='lat' dir='ltr'>dubitet</span> <span class='ocrx_word' id='word_1_279' title='bbox 878 3280 1003 3328; x_wconf 89' lang='lat' dir='ltr'>mortem</span> <span class='ocrx_word' id='word_1_280' title='bbox 1027 3282 1174 3347; x_wconf 90' lang='lat' dir='ltr'>oppetere,</span> <span class='ocrx_word' id='word_1_281' title='bbox 1200 3271 1226 3332; x_wconf 90' lang='lat' dir='ltr'>si</span> 
     </span>
     <span class='ocr_line' id='line_1_34' title="bbox 183 3365 1253 3442; baseline 0.002 -16"><span class='ocrx_word' id='word_1_282' title='bbox 183 3365 211 3426; x_wconf 90' lang='lat' dir='ltr'>ei</span> <span class='ocrx_word' id='word_1_283' title='bbox 238 3366 275 3426; x_wconf 91' lang='lat' dir='ltr'>sit</span> <span class='ocrx_word' id='word_1_284' title='bbox 297 3368 489 3442; x_wconf 86' lang='lat' dir='ltr'>profuturus?</span> <span class='ocrx_word' id='word_1_285' title='bbox 530 3366 599 3439; x_wconf 91' lang='lat' dir='ltr'>Quo</span> <span class='ocrx_word' id='word_1_286' title='bbox 620 3375 665 3424; x_wconf 89' lang='lat' dir='ltr'>est</span> <span class='ocrx_word' id='word_1_287' title='bbox 688 3365 885 3425; x_wconf 89' lang='lat' dir='ltr'>detestabilior</span> <span class='ocrx_word' id='word_1_288' title='bbox 908 3365 1030 3425; x_wconf 92' lang='lat' dir='ltr'>istorum</span> <span class='ocrx_word' id='word_1_289' title='bbox 1057 3366 1223 3439; x_wconf 78' lang='lat' dir='ltr'>inmanitas,</span> <span class='ocrx_word' id='word_1_290' title='bbox 1248 3399 1253 3407; x_wconf 93' lang='lat'>·</span> 
     </span>
    </p>
   </div>
   <div class='ocr_carea' id='block_1_5' title="bbox 183 3461 1224 3540">
    <p class='ocr_par' dir='ltr' id='par_1_5' title="bbox 183 3461 1224 3540">
     <span class='ocr_line' id='line_1_35' title="bbox 183 3461 1224 3540; baseline 0.001 -17"><span class='ocrx_word' id='word_1_291' title='bbox 183 3463 235 3540; x_wconf 91' lang='lat' dir='ltr'>qui</span> <span class='ocrx_word' id='word_1_292' title='bbox 247 3465 410 3523; x_wconf 88' lang='lat' dir='ltr'>lacerarunt</span> <span class='ocrx_word' id='word_1_293' title='bbox 424 3461 505 3522; x_wconf 88' lang='lat' dir='ltr'>omni</span> <span class='ocrx_word' id='word_1_294' title='bbox 524 3463 633 3523; x_wconf 88' lang='lat' dir='ltr'>scelere</span> <span class='ocrx_word' id='word_1_295' title='bbox 653 3461 776 3538; x_wconf 88' lang='lat' dir='ltr'>patriam</span> <span class='ocrx_word' id='word_1_296' title='bbox 794 3472 824 3522; x_wconf 89' lang='lat' dir='ltr'>et</span> <span class='ocrx_word' id='word_1_297' title='bbox 842 3461 873 3521; x_wconf 91' lang='lat' dir='ltr'>in</span> <span class='ocrx_word' id='word_1_298' title='bbox 892 3481 928 3522; x_wconf 91' lang='lat' dir='ltr'>ea</span> <span class='ocrx_word' id='word_1_299' title='bbox 945 3463 1078 3523; x_wconf 81' lang='lat' dir='ltr'>funditus</span> <span class='ocrx_word' id='word_1_300' title='bbox 1095 3464 1224 3524; x_wconf 87' lang='lat' dir='ltr'>delenda</span> 
     </span>
    </p>
   </div>
   <div class='ocr_carea' id='block_1_6' title="bbox 180 3621 1224 3916">
    <p class='ocr_par' dir='ltr' id='par_1_6' title="bbox 180 3621 1224 3916">
     <span class='ocr_line' id='line_1_36' title="bbox 232 3621 1224 3686; baseline 0.001 -14"><span class='ocrx_word' id='word_1_301' title='bbox 232 3631 287 3686; x_wconf 85' lang='lat' dir='ltr'>7et</span> <span class='ocrx_word' id='word_1_302' title='bbox 306 3622 611 3672; x_wconf 84' lang='lat' dir='ltr'>benevolentia-caritate</span> <span class='ocrx_word' id='word_1_303' title='bbox 629 3621 694 3670; x_wconf 84' lang='lat' dir='ltr'>codd.</span> <span class='ocrx_word' id='word_1_304' title='bbox 712 3621 806 3684; x_wconf 83' lang='lat' dir='ltr'>antiqq.</span> <span class='ocrx_word' id='word_1_305' title='bbox 843 3624 852 3679; x_wconf 90' lang='grc' dir='ltr'>ΙΙ</span> <span class='ocrx_word' id='word_1_306' title='bbox 890 3636 919 3684; x_wconf 81' lang='lat'>13</span> <span class='ocrx_word' id='word_1_307' title='bbox 936 3628 1019 3672; x_wconf 89' lang='lat' dir='ltr'>tamen</span> <span class='ocrx_word' id='word_1_308' title='bbox 1035 3623 1104 3672; x_wconf 83' lang='lat' dir='ltr'>uncis</span> <span class='ocrx_word' id='word_1_309' title='bbox 1119 3623 1224 3674; x_wconf 74' lang='lat' dir='ltr'>imludr&#39;t</span> 
     </span>
     <span class='ocr_line' id='line_1_37' title="bbox 181 3702 1223 3770; baseline 0.001 -15"><span class='ocrx_word' id='word_1_310' title='bbox 181 3707 223 3756; x_wconf 88' lang='lat' dir='ltr'>Bo</span> <span class='ocrx_word' id='word_1_311' title='bbox 232 3705 352 3770; x_wconf 79' lang='lat' dir='ltr'>probante</span> <span class='ocrx_word' id='word_1_312' title='bbox 361 3704 442 3752; x_wconf 84' lang='lat' dir='ltr'>Heine</span> <span class='ocrx_word' id='word_1_313' title='bbox 476 3707 486 3760; x_wconf 89' lang='grc' dir='ltr'>ΙΙ</span> <span class='ocrx_word' id='word_1_314' title='bbox 522 3719 550 3753; x_wconf 75' lang='lat'>21</span> <span class='ocrx_word' id='word_1_315' title='bbox 563 3703 677 3752; x_wconf 88' lang='lat' dir='ltr'>ultimum</span> <span class='ocrx_word' id='word_1_316' title='bbox 688 3702 714 3750; x_wconf 93' lang='lat' dir='ltr'>in</span> <span class='ocrx_word' id='word_1_317' title='bbox 724 3702 832 3751; x_wconf 89' lang='lat' dir='ltr'>amicitia</span> <span class='ocrx_word' id='word_1_318' title='bbox 844 3703 940 3767; x_wconf 89' lang='lat' dir='ltr'>putavit</span> <span class='ocrx_word' id='word_1_319' title='bbox 952 3705 1033 3754; x_wconf 80' lang='lat' dir='ltr'>Heine</span> <span class='ocrx_word' id='word_1_320' title='bbox 1045 3712 1098 3768; x_wconf 76' lang='lat' dir='ltr'>port</span> <span class='ocrx_word' id='word_1_321' title='bbox 1108 3706 1223 3756; x_wconf 81' lang='lat' dir='ltr'>Nonium</span> 
     </span>
     <span class='ocr_line' id='line_1_38' title="bbox 180 3782 1221 3847; baseline 0.002 -13"><span class='ocrx_word' id='word_1_322' title='bbox 180 3801 200 3834; x_wconf 81' lang='lat' dir='ltr'>s.</span> <span class='ocrx_word' id='word_1_323' title='bbox 208 3799 232 3833; x_wconf 83' lang='lat' dir='ltr'>v.</span> <span class='ocrx_word' id='word_1_324' title='bbox 244 3784 362 3833; x_wconf 81' lang='lat' dir='ltr'>ultimum</span> <span class='ocrx_word' id='word_1_325' title='bbox 366 3798 379 3840; x_wconf 85' lang='lat'>,·</span> <span class='ocrx_word' id='word_1_326' title='bbox 393 3782 448 3833; x_wconf 78' lang='lat' dir='ltr'>vide</span> <span class='ocrx_word' id='word_1_327' title='bbox 457 3784 553 3832; x_wconf 59' lang='lat' dir='ltr'>moad</span> <span class='ocrx_word' id='word_1_328' title='bbox 560 3783 580 3834; x_wconf 91' lang='lat' dir='ltr'>l.</span> <span class='ocrx_word' id='word_1_329' title='bbox 615 3787 625 3842; x_wconf 76' lang='lat' dir='ltr'>fl</span> <span class='ocrx_word' id='word_1_330' title='bbox 661 3796 693 3845; x_wconf 73' lang='lat'>²³</span> <span class='ocrx_word' id='word_1_331' title='bbox 709 3783 773 3832; x_wconf 88' lang='lat' dir='ltr'>ultro</span> <span class='ocrx_word' id='word_1_332' title='bbox 788 3791 814 3832; x_wconf 89' lang='lat' dir='ltr'>et</span> <span class='ocrx_word' id='word_1_333' title='bbox 829 3784 926 3834; x_wconf 87' lang='lat' dir='ltr'>citroZ</span> <span class='ocrx_word' id='word_1_334' title='bbox 938 3785 980 3835; x_wconf 89' lang='lat' dir='ltr'>Ba</span> <span class='ocrx_word' id='word_1_335' title='bbox 990 3785 1070 3835; x_wconf 81' lang='lat' dir='ltr'>Heo&#39;ne</span> <span class='ocrx_word' id='word_1_336' title='bbox 1079 3801 1134 3834; x_wconf 88' lang='lat' dir='ltr'>cum</span> <span class='ocrx_word' id='word_1_337' title='bbox 1144 3785 1221 3847; x_wconf 65' lang='lat' dir='ltr'>codd„</span> 
     </span>
     <span class='ocr_line' id='line_1_39' title="bbox 180 3865 445 3916; baseline -0.011 0"><span class='ocrx_word' id='word_1_338' title='bbox 180 3867 246 3916; x_wconf 90' lang='lat' dir='ltr'>ultro</span> <span class='ocrx_word' id='word_1_339' title='bbox 256 3865 317 3916; x_wconf 83' lang='lat' dir='ltr'>citro</span> <span class='ocrx_word' id='word_1_340' title='bbox 331 3865 373 3915; x_wconf 86' lang='lat' dir='ltr'>Or.</span> <span class='ocrx_word' id='word_1_341' title='bbox 443 3871 445 3875; x_wconf 78' lang='grc'>’</span> 
     </span>
    </p>
   </div>
   <div class='ocr_carea' id='block_1_7' title="bbox 0 0 1340 4296">
    <p class='ocr_par' dir='ltr' id='par_1_7' title="bbox 0 0 1340 4296">
     <span class='ocr_line' id='line_1_40' title="bbox 0 0 1340 4296; baseline 0 1"><span class='ocrx_word' id='word_1_342' title='bbox 0 0 1340 4296; x_wconf 95' lang='lat' dir='ltr'> </span> 
     </span>
    </p>
   </div>
  </div>
 </body>
</html>
