2670 4296
78 233 112 294 11
127 249 158 293 vt
174 229 223 313 21]
520 235 570 294 De
588 233 656 294 utili
1080 235 1117 312 (η

77 396 247 458 excitantur.
294 401 337 458 18.
381 397 499 458 Etenim
528 397 619 458 virtus
648 395 744 458 omnis
771 396 862 457 tribus
886 395 917 456 in
944 398 1031 458 rebus
1052 398 1114 460 sete

76 492 203 565 vertitur,
226 514 350 571 quarum
371 514 431 553 una
451 504 495 554 est
515 493 547 553 in
566 492 772 571 perspiciendo
803 493 876 570 quid
896 493 927 552 iu
947 513 1065 570 quaque
1084 512 1117 560 re

76 609 177 650 verum
191 589 397 666 sincerumque
411 591 456 664 sit,
469 590 541 666 quid
554 601 787 650 consentaneum
801 589 915 667 cuique,
928 588 1001 667 quid
1015 608 1117 652 conse·

78 705 180 762 quens,
195 706 230 747 ex
245 706 304 763 quo
319 706 454 764 quaeque
467 686 629 764 gignantur,
646 705 722 763 quae
739 684 882 763 cuiusque
897 687 940 746 rei
954 707 1043 748 causa
1060 686 1118 764 sit,

76 785 200 843 alterum
223 783 366 844 cohibere
392 795 489 844 motus
515 783 610 842 animi
637 783 777 857 turbatos,
803 800 881 860 quos
909 783 1014 845 Graeci
1040 781 1119 861 πάθη
1145 814 1160 863 5

78 878 240 950 nominant,
254 879 517 956 appetitionesque,
533 898 607 956 quas
621 877 663 938 illi
682 876 777 954 ὁρμάς,
792 877 984 940 oboedientes
1002 881 1116 943 efficere

77 975 200 1048 rationi3
221 975 339 1035 tertium
357 975 402 1049 iis,
426 975 601 1052 quibuscum
616 993 834 1052 congregemur,
856 974 899 1034 uti
914 975 1067 1036 moderate
1082 989 1118 1038 ct

77 1070 210 1145 scienter,
239 1084 365 1148 quorum
393 1072 498 1132 studiis
526 1091 568 1148 ea,
591 1090 667 1147 quae
694 1082 797 1131 natura
828 1070 982 1147 desiderat,
999 1073 1117 1148 expleta

77 1169 285 1243 cumulataque
312 1167 481 1243 habeamus,
496 1187 550 1245 per
572 1166 761 1243 eosdemque,
795 1165 819 1226 si
846 1166 920 1244 quid
945 1166 1118 1244 importetur

78 1262 163 1322 nobis
184 1263 375 1336 incommodi,
392 1265 599 1340 propulsemus
618 1261 851 1338 ulciscamurque
869 1263 991 1340 eosqui
1008 1250 1160 1325 nocerem

78 1358 164 1427 nobis
183 1358 281 1417 conati
302 1357 367 1430 sint,
382 1369 522 1435 tantaque
534 1377 633 1436 poena
645 1357 823 1434 adiiciamus,
831 1369 970 1434 quantam
983 1357 1116 1436 aequitas

78 1454 306 1531 humanitasque
319 1453 435 1531 patitur.

27 1549 67 1600 VI
390 1571 433 1627 19.
475 1536 593 1625 Quibus
615 1561 716 1610 autem
738 1549 900 1611 rationibus
922 1551 1001 1610 hanc
1027 1552 1115 1611 sacul-

78 1632 290 1726 n'croehisffou‘i'aff
324 1659 418 1709 tatem
445 1648 561 1725 assequi
587 1647 742 1725 possimus,
770 1659 803 1708 ut
830 1647 983 1708 hominum
1016 1649 1115 1709 studia

77 1734 289 1826 {iffihflelggssag'g
327 1745 557 1820 complectamur
578 1762 672 1819 eaque
689 1754 851 1816 teneamus,
869 1743 1001 1805 dicemus
1017 1763 1113 1823 neque
1127 1763 1156 1813 15

76 1833 290 1935 ffpfflw‘ffigf‘hffl
326 1840 368 1900 ita
389 1840 481 1899 multo
502 1850 578 1916 post,
604 1841 657 1899 sed
680 1859 774 1917 pauca
793 1837 863 1901 ante
883 1840 1012 1901 dicenda
1037 1853 1112 1905 sunt

328 1939 475 2014 Magnam,
497 1936 557 1995 vim
585 1955 649 1994 esse
676 1936 707 1993 in
734 1937 875 1996 fortuna
902 1936 933 1995 in
959 1947 1113 2012 utramque

76 2046 198 2112 partem,
206 2037 253 2094 vel
271 2035 416 2094 secundas
433 2032 535 2092 adres
552 2032 599 2092 vel
616 2033 761 2106 adversas,
776 2032 841 2108 quis
860 2032 993 2111 ignorat?
1034 2036 1064 2093 N
1065 2052 1113 2092 arn

80 2142 110 2191 et
123 2150 191 2190 cum
204 2150 344 2208 prospero
362 2131 433 2188 flatu
453 2128 515 2188 eius
533 2127 649 2202 utimur,
669 2129 708 2188 ad
722 2128 816 2188 exitus
834 2129 1019 2206 pervehimur
1032 2140 1114 2207 opta·

77 2237 132 2301 tos,
149 2239 183 2302 et,
192 2247 259 2294 cum
274 2227 392 2298 reflavit,
398 2225 558 2301 affligimur.
596 2226 683 2284 Haec
697 2225 781 2302 igitur
794 2224 857 2302 ipsa
870 2227 987 2286 fortuna
1000 2236 1112 2286 ceteros
1125 2242 1156 2278 το

77 2308 162 2384 casus
176 2323 296 2384 rariores
310 2324 406 2395 habet,
421 2323 547 2399 primum
561 2322 599 2381 ab
613 2320 749 2381 inanimis
768 2323 911 2399 procellas
924 2333 1112 2399 tempestates

77 2420 234 2498 naufragia,
247 2420 344 2479 ruinas
364 2419 509 2492 incendia,
530 2417 640 2478 deinde
656 2437 678 2477 a
701 2417 801 2478 bestiis
824 2417 899 2478 ictus
921 2438 1034 2479 morsus
1061 2419 1114 2478 im-

78 2528 171 2593 petus
221 2537 266 2576 20.
310 2519 397 2575 Haec
417 2535 495 2592 ergo,
516 2525 549 2574 ut
568 2514 639 2588 dixi,
660 2513 773 2575 rariora.
816 2518 856 2574 At
883 2535 952 2576 vero
979 2514 1112 2576 interitus

78 2613 265 2686 exercituum,
288 2623 320 2671 ut
340 2611 472 2689 proxime
492 2610 588 2684 trium,
607 2630 697 2688 saepe
716 2612 883 2683 multorum,
905 2612 1004 2672 clades
1022 2611 1113 2689 impe-

79 2720 215 2781 ratorum,
233 2720 267 2768 ut
286 2729 380 2785 nuper
397 2708 503 2767 summi
518 2718 549 2767 et
567 2707 720 2784 singularis
740 2707 801 2781 viri,
816 2707 943 2768 invidiae
963 2718 1111 2784 praeterea
1124 2725 1154 2776 25

75 2805 270 2865 multitudinis
281 2806 426 2881 atqueob
440 2824 489 2864 eas
503 2805 580 2864 bene
598 2803 767 2868 meritorum
787 2823 874 2881 saepe
888 2803 995 2863 civium
1013 2806 1112 2881 expul-

77 2900 182 2974 siones,
211 2903 398 2974 calamitates,
426 2902 520 2977 fugae,
549 2919 704 2976 rursusque
729 2901 875 2960 secundae
896 2919 951 2972 res,
974 2900 1109 2973 honores,

74 2997 205 3075 imperia,
225 2999 371 3070 uictoriae,
389 3017 571 3074 quamquam
592 2996 710 3057 fortuita
727 3008 802 3070 sunt,
820 3007 919 3056 tamen
938 2995 1000 3056 sine
1018 2995 1112 3057 homi,-

76 3115 148 3154 num
177 3095 282 3172 opibus
312 3106 341 3156 et
370 3095 472 3155 studiis
503 3106 635 3154 neutram
649 3126 651 3131 ·
666 3094 697 3153 in
724 3105 836 3171 partem
869 3094 945 3154 effici
978 3107 1109 3172 possunt.

76 3195 148 3252 Hoc
173 3193 259 3270 igitur
282 3193 405 3270 cognito
426 3193 586 3253 dicendum
607 3201 659 3265 est,
687 3211 816 3268 quonam
844 3193 935 3252 modo
957 3192 1110 3253 hominum
1123 3212 1155 3263 3⁰

77 3288 197 3348 studia
217 3289 256 3347 ad
275 3288 414 3348 utilitates
433 3299 546 3348 nostras
564 3286 679 3347 allicere
698 3298 787 3364 atque
806 3287 934 3348 excitare
956 3287 1109 3363 possimus

73 3386 158 3462 Quae
178 3385 202 3444 si
222 3385 338 3462 longior
356 3385 440 3445 fuerit
459 3385 560 3459 oratio,
580 3404 648 3444 curn
664 3383 866 3462 magnitudine
883 3383 1013 3445 utilitatis
1031 3402 1111 3444 com-

323 3495 456 3560 paretur:
486 3483 526 3543 ita
552 3485 674 3544 fortasse
699 3481 790 3543 etiam
817 3481 932 3542 brevior
955 3479 1108 3541 videbitur.

71 3543 290 3634 uiiiiiiffl'iiieif
327 3600 372 3640 21.
415 3581 628 3656 Quaecumque
655 3577 742 3655 igitur
767 3576 903 3637 homines
926 3575 1041 3637 homini
1064 3574 1111 3635 tri·

71 3644 217 3685 ⁵⁹¹¹¹⁶⁸⁹⁰¹m
321 3678 416 3736 buunt
434 3676 474 3733 ad
492 3693 560 3734 eum
581 3674 752 3751 augendum
772 3683 861 3748 atque
882 3671 1108 3747 boamundum,
1123 3682 1152 3733 ³5

121 3829 136 3870 4
153 3808 261 3873 quidque
277 3809 391 3872 gignatur
404 3809 428 3856 Z
436 3823 490 3856 cum
501 3807 565 3857 codd.
579 3822 634 3856 recc.
694 3809 704 3864 ΙΙ
767 3817 781 3870 7
792 3819 968 3870 congregamur
978 3804 1111 3856 θνιοηίνύ

71 3889 136 3941 cati.
205 3894 214 3948 11
285 3904 311 3939 ιι
325 3890 373 3940 sint
384 3891 424 3939 Bo
435 3889 514 3938 Herbe
523 3889 564 3938 Lu
573 3903 628 3937 cum
639 3888 731 3952 antiqq.
744 3887 817 3948 codd.¹
832 3893 887 3936 sunt
901 3886 938 3936 Or
1188 3892 1260 3976 ι

952 3999 1029 4058 5-2
