2670 4296
191 219 229 278 3²
463 202 548 260 Vtrae
556 201 742 276 fortitudinis
761 203 835 260 ratio
847 208 969 261 extemis
1073 198 1102 282 [1
1117 218 1182 260 xxv
1195 203 1213 260 8
1216 216 1233 278 5

191 369 304 448 dequo
322 368 436 430 Ennius

419 485 491 534 Unus
505 484 575 533 homo
590 484 657 533 nobis
671 485 806 534 cunctando
822 485 929 534 restituit
945 500 1005 546 rem,

416 581 521 614 noenum
537 581 645 614 rumores
655 566 761 629 ponebat
775 572 833 614 onte
848 567 959 623 salutem,

414 662 469 710 ergo
480 653 580 710 postque
595 649 719 712 magisque
733 647 784 696 viti
799 663 867 696 nunc
878 647 959 711 glorta
974 646 1056 696 claret.

192 744 283 821 Quod
303 764 395 821 genus
417 745 561 821 peccandi
582 745 735 806 vitandum
760 758 804 807 est
827 746 917 806 etiam
940 745 971 805 in
994 748 1082 807 rebus
1108 744 1234 806 urbanis.
1266 776 1280 824 5

191 844 266 902 Sunt
279 842 358 902 enim
379 842 430 919 qui
448 845 531 919 quod
545 834 682 917 sentiunt,
697 842 753 904 etsi
767 842 913 920 optimum
927 854 979 917 est,
995 854 1095 903 tamen
1109 841 1236 904 invidiae

192 948 274 997 metu
288 957 349 997 non
362 939 474 998 audent
488 938 593 998 dicere.

101 1055 179 1106 xxv
192 1088 238 1129 The
259 1088 328 1130 duda
349 1088 374 1130 or
391 1102 405 1130 a
503 1040 549 1113 85.
607 1036 738 1110 Omnino
766 1036 818 1113 qui
844 1036 886 1097 rei
912 1035 1049 1113 publicae
1075 1036 1236 1113 praefuturi

192 1139 352 1185 Statesmau·
367 1140 403 1179 be·
442 1143 510 1192 sunt
524 1134 585 1192 duo
599 1133 730 1193 Platonis
747 1146 903 1210 praecepta
919 1144 1060 1194 teneant:
1082 1151 1176 1193 unum
1201 1144 1234 1194 ut

191 1189 336 1230 sidesthatot's
364 1189 401 1229 ak·

190 1239 402 1339 mmo&
439 1228 595 1289 utilitatem
617 1228 725 1288 civium
746 1229 787 1287 sic
808 1240 952 1300 tueantur,
964 1240 1005 1301 ut,
1028 1248 1234 1305 quaecumque
1250 1257 1279 1293 io

191 1338 197 1349 ·
212 1340 402 1430 {oqqnffiethe
440 1337 538 1404 agunt,
553 1327 592 1386 ad
606 1344 672 1385 eam
686 1328 811 1386 referant
825 1325 908 1386 obliti
927 1326 1154 1385 commodorum
1168 1344 1235 1385 suo·

190 1439 401 1512 zoororxnegqvefn·
440 1447 504 1487 rum
516 1448 525 1502 ;
559 1428 682 1485 alterum
718 1436 752 1485 ut
778 1436 874 1485 totum
902 1445 1007 1501 corpus
1034 1424 1076 1485 rei
1099 1424 1235 1502 publicae

191 1490 403 1600 “diimiiiidiinpir
440 1535 550 1596 curent,
576 1543 623 1597 ne,
648 1524 721 1583 dum
741 1535 854 1599 partem
875 1523 1004 1600 aliquam
1025 1533 1150 1595 tuentur,
1172 1521 1235 1582 reli-

191 1590 352 1640 ²¹²¹¹¹¹³³⁵⁰¹⁶⁵³
441 1640 513 1698 quas
534 1620 677 1679 deserant.
721 1619 764 1678 Ut
785 1618 864 1678 enim
883 1620 982 1691 tutela,
1004 1617 1046 1697 sic
1068 1616 1234 1694 procuratio

190 1716 232 1776 rei
252 1716 387 1794 publicae
408 1719 447 1778 ad
467 1716 623 1787 utilitatem
644 1735 746 1774 eorum
767 1714 818 1791 qui
839 1713 989 1774 commissi
1009 1725 1086 1788 sunt,
1109 1733 1171 1774 non
1194 1715 1234 1774 ad
1249 1737 1276 1783 ¹5
1316 1777 1318 1782 ,

190 1827 301 1881 eorum,
318 1808 424 1885 quibus
446 1806 604 1868 commissa
627 1817 679 1877 est,
703 1808 831 1884 gerenda
854 1817 905 1867 est.
949 1805 1010 1881 Qui
1033 1817 1133 1867 autem
1158 1805 1234 1883 parti

190 1903 299 1963 civium
319 1907 485 1977 consulunt,
507 1915 620 1980 partem
641 1905 807 1979 neglegunt,
823 1922 885 1963 rem
903 1901 1181 1979 perniciosissimam
1201 1901 1232 1961 in

190 1998 338 2059 civitatem
365 1999 518 2071 inducunt,
546 1998 722 2058 seditionem
749 2010 839 2074 atque
867 1997 1064 2058 discordiam:
1098 2016 1135 2057 ex
1172 2015 1233 2073 quo

191 2095 288 2156 evenit
302 2108 334 2156 ut
348 2096 397 2155 alii
411 2099 576 2173 populares,
591 2095 641 2154 alii
655 2095 779 2155 studiosi
793 2094 897 2171 optimi
911 2093 1054 2170 cuiusque
1068 2093 1230 2165 videantur,

190 2193 277 2270 pauci
304 2194 511 2254 universorum.
567 2195 613 2253 86.
664 2192 746 2252 Hinc
773 2193 853 2268 apud
886 2189 1075 2252 Atheniensis
1109 2210 1231 2269 magnae
1245 2214 1276 2249 το

192 2288 364 2357 discordiae,
408 2289 439 2348 in
461 2301 561 2349 nostra
583 2289 754 2365 republica
778 2307 839 2347 non
863 2289 959 2346 solum
986 2287 1154 2360 seditiones,
1179 2287 1233 2346 sed

190 2384 280 2444 etiam
299 2386 436 2462 pestifera
456 2386 533 2446 bella
553 2385 667 2445 civilia:
688 2404 764 2461 quae
784 2384 877 2463 gravis
898 2395 928 2444 et
949 2383 1029 2443 fortis
1053 2383 1124 2442 civis
1148 2394 1177 2444 et
1201 2383 1232 2443 in

189 2501 220 2542 re
240 2484 360 2560 publica
379 2483 484 2560 dignus
505 2482 670 2559 principatu
689 2482 779 2559 fugiet
797 2493 886 2558 atque
905 2481 1008 2554 oderit,
1028 2482 1181 2559 tradetque
1199 2500 1231 2542 se

99 2587 103 2596 ’
189 2589 285 2640 totum
306 2580 348 2640 rei
369 2579 504 2657 publicae
527 2599 623 2656 neque
646 2599 717 2656 opes
744 2591 795 2638 aut
822 2578 984 2656 potentiam
1006 2579 1222 2639 consectabitur

437 2688 589 2754 totamque
603 2697 670 2737 eam
684 2677 726 2736 sic
739 2677 875 2746 tuebitur,
881 2689 913 2737 ut
931 2677 1069 2753 omnibus
1088 2679 1228 2738 consulat.
1243 2699 1273 2748 25

228 2740 392 2782 ‚toavolda
872 2771 930 2784 ..
1025 2773 1030 2784 .
1191 2772 1197 2784 .

189 2755 259 2831 scissi
276 2791 357 2842 puisun
377 2791 402 2832 or
439 2773 504 2831 Nec
526 2791 596 2832 vero
618 2773 788 2831 criminibus
816 2774 895 2831 salsis
923 2792 953 2831 in
981 2774 1085 2833 odium
1111 2783 1162 2834 aut
1189 2792 1231 2831 in-

188 2841 399 2892 w⁶²¹th²¹¹d⁹⁰w⁰¹⁵
437 2868 547 2928 vidiam
568 2888 749 2945 quemquam
766 2869 891 2941 vocabit,
907 2869 1088 2946 omninoque
1108 2869 1149 2930 ita
1175 2869 1232 2930 ius-

188 2966 269 3027 titiae
287 2965 492 3042 honestatique
508 2967 706 3038 adhaerescet,
721 2976 762 3038 ut,
778 2967 850 3025 dum
867 2985 902 3026 ea
920 2977 1081 3039 conservet,
1097 2966 1230 3043 quamvis

189 3064 311 3142 graviter
327 3065 458 3124 offendat
474 3075 658 3139 mortemque
675 3075 795 3140 oppetat
813 3064 911 3141 potius
930 3084 1020 3140 quam
1038 3066 1153 3126 deserat
1170 3065 1228 3139 illa,

190 3179 266 3236 quae
287 3159 353 3219 dixi
397 3163 444 3235 87.
482 3160 647 3220 Miserrima
667 3160 789 3220 omnino
810 3172 853 3220 est
875 3160 997 3222 ambitio
1024 3163 1273 3239 honorumque30

189 3256 348 3330 contentio,
383 3257 421 3316 de
455 3277 514 3334 qua
546 3259 693 3334 praeclare
726 3258 806 3334 apud
840 3259 968 3317 eundem
1002 3269 1046 3318 est
1075 3260 1230 3319 Platonem

190 3350 338 3410 ‘similiter
351 3353 446 3412 lacere
460 3372 511 3412 eos
526 3353 578 3429 qui
595 3353 671 3413 inter
684 3373 715 3414 se
732 3355 953 3426 contenderent,
968 3364 1033 3414 uter
1051 3353 1149 3431 potius
1166 3375 1229 3416 reni

188 3447 337 3525 publicam
364 3447 585 3522 administraret,
614 3460 647 3509 ut
674 3447 699 3508 si
725 3461 831 3509 nautae
858 3460 1008 3525 certarent,
1028 3449 1094 3526 quis
1127 3469 1229 3512 eorum

238 3627 252 3677 3
263 3622 371 3661 noenum
382 3627 491 3661 rumores
499 3612 676 3662 lachmannus
687 3613 827 3662 adlatret.
835 3623 868 3661 111
878 3615 937 3677 198:
948 3612 1027 3662 Heine
1036 3628 1092 3660 cum
1102 3613 1165 3664 codd.
1177 3627 1228 3663 iion

188 3693 254 3742 enim
265 3708 382 3742 rumores.
416 3694 533 3743 Noenum
543 3710 561 3744 s.
576 3709 659 3743 noenu
671 3694 739 3743 nihil
750 3694 825 3742 aliud
836 3701 871 3743 est
883 3709 958 3758 quam
973 3709 1005 3743 ne
1016 3709 1107 3743 oenum
1118 3695 1143 3743 h.
1151 3710 1170 3743 e.
1182 3710 1228 3745 neo

188 3790 271 3823 unum.
307 3778 316 3832 ΙΙ
352 3773 416 3824 6sit
431 3776 511 3839 vulgo,
522 3784 560 3826 est
573 3776 692 3825 Halmius
709 3776 789 3825 Heine
802 3776 933 3825 Fleckeisen
968 3779 978 3833 ll
1014 3791 1045 3838 24
1060 3777 1133 3824 veria
1148 3791 1228 3842 neque

187 3856 399 3906 -conseclabitur
410 3856 468 3905 delet
478 3857 605 3906 Dobratus
616 3858 682 3906 Adv.
695 3868 716 3905 11
723 3865 750 3921 p.
767 3869 812 3920 374
