2670 4296
91 219 191 278 1xx11
209 215 258 300 78]
429 222 604 280 Domesticue
612 220 799 296 fortitudines
1098 241 1135 299 ²9

90 386 214 446 consilio
232 389 311 464 leges
329 388 563 457 Atheniensium.
579 391 636 449 hoc
657 389 802 448 maiorum
822 389 954 449 instituta
974 402 1132 453 servantur.

92 485 131 543 Et
151 483 366 543 Themistocles
387 485 508 561 quidem
529 486 601 544 nihil
623 486 736 558 dixerit,
751 485 782 544 in
797 505 856 561 quo
870 485 933 562 ipse
946 489 1134 564 Areopagum

90 579 242 652 adiuverit,
263 579 362 638 atille
382 600 449 639 vere
470 582 508 641 ab
522 602 552 641 se
567 582 701 641 adiutum
714 582 964 655 Themistoclem3
990 594 1035 643 est
1056 583 1135 643 enim

91 676 201 736 bellum
215 687 330 752 gestum
344 676 467 736 consilio
481 689 599 736 senatus
620 677 692 750 eiuS,
715 677 765 753 qui
786 697 804 735 a
824 679 932 737 Solone
952 688 1014 737 erat
1029 679 1136 739 consti·

117 839 242 871 »lusurus
260 830 303 871 and
340 783 429 832 tutus.
475 777 519 848 76.
564 774 647 833 Licet
668 775 773 833 eadem
795 775 832 833 de
861 774 1006 834 Pausania
1027 777 1136 852 Lysan·
1163 801 1178 851 5

91 889 212 972 333ngss
251 882 303 921 wru
342 873 457 950 droque
476 871 582 944 dicere,
598 890 724 946 quorum
745 871 832 930 rebus
850 871 938 948 gestis
955 891 1135 949 quamquam

195 941 214 982 s,
340 968 495 1046 imperium
534 968 776 1028 Lacedaemoniis
818 971 970 1026 dilatatum
1008 980 1133 1045 putatur,

91 1076 191 1125 tamen
205 1084 243 1125 ne
256 1064 379 1125 minima
392 1067 513 1143 quidem
525 1087 560 1126 ex
573 1077 655 1142 parte
671 1065 795 1142 Lycurgi
803 1065 915 1142 legibus
925 1076 954 1125 et
965 1065 1136 1141 disciplinae

92 1162 263 1223 conserendi
277 1175 353 1222 sunt.
378 1163 560 1239 Quinetiam
575 1163 613 1222 ob
628 1164 680 1220 has
695 1161 771 1237 ipsas
793 1181 894 1221 causas
911 1173 941 1220 et
957 1160 1135 1237 parentiores

92 1260 257 1320 habuerunt
277 1262 420 1321 exercitus
441 1272 470 1322 et
491 1259 632 1320 fortiores.
676 1257 753 1316 Mihi
775 1258 896 1334 quidem
918 1277 1015 1334 neque
1038 1257 1135 1334 pueris
1151 1288 1181 1323 ιο

166 1417 199 1428 ..
244 1418 249 1428 ,
340 1357 425 1417 nobis
451 1360 493 1417 M.
519 1359 643 1416 Scaurus
668 1357 701 1414 C.
727 1354 823 1413 Mario
855 1372 961 1428 neque,
986 1372 1055 1412 cum
1076 1372 1137 1412 ver·

92 1417 305 1510 nihiiiuiviiussii‘i
343 1473 473 1513 saremur
494 1452 525 1511 in
548 1470 579 1510 re
603 1450 728 1526 publica,
754 1453 791 1523 Q.
822 1450 943 1508 Catulus
972 1449 1026 1508 Cn.
1050 1450 1137 1507 Pom-

92 1520 187 1570 ΝΜ
341 1550 410 1626 peio
434 1551 539 1609 cedere
563 1547 716 1607 videbatur
727 1567 736 1619 3
766 1545 847 1622 parvi
868 1545 948 1604 enirn
973 1554 1041 1603 sunt
1067 1543 1136 1604 loris

93 1663 182 1716 arma,
198 1644 254 1704 nisi
269 1657 314 1704 est
334 1644 488 1704 consilium
506 1642 595 1703 domi.
639 1645 704 1700 Nec
722 1643 788 1718 plus
807 1640 970 1713 Africanus,
986 1639 1137 1716 singularis

93 1751 124 1801 et
149 1740 194 1799 vir
220 1751 250 1800 et
276 1740 440 1817 imperator,
469 1740 500 1799 in
522 1738 723 1799 exscindenda
751 1737 913 1795 Numantia
939 1735 980 1796 rei
1002 1736 1135 1812 publicae
1152 1765 1179 1814 ¹5

93 1835 202 1912 profuit
224 1855 313 1912 quam
337 1837 444 1896 eodem
471 1848 603 1912 tempore
631 1838 662 1894 P.
694 1834 802 1893 Nasica
829 1834 965 1910 privatuS,
993 1853 1062 1892 cum
1089 1831 1134 1892 Ti

95 1931 263 1989 Gracchum
283 1930 436 1993 interemit.
460 1933 647 2006 Quamquam
665 1930 738 1988 haec
760 1929 881 2005 quidem
897 1949 942 1989 res
961 1949 1022 1988 non
1041 1931 1137 1989 solum

28 2066 31 2071 ·
94 2045 132 2086 ex
152 2026 315 2086 domestica
335 2039 378 2087 est
399 2025 666 2102 ratione-attingit
688 2026 767 2084 enirn
788 2026 932 2098 bellicam,
949 2026 1089 2103 quoniam
1108 2025 1137 2085 vi
1222 2017 1225 2025 ¹

95 2142 244 2199 manuque
266 2127 401 2184 confecta
420 2125 559 2185 est-sed
580 2136 679 2182 tamen
699 2123 731 2183 id
752 2123 848 2198 ipsum
869 2134 913 2182 est
933 2135 1048 2200 gestum
1068 2143 1137 2182 con·

95 2219 161 2281 silio
181 2220 292 2281 urbano
314 2222 377 2282 sine
398 2222 533 2282 exercitu
579 2238 624 2295 77.
662 2222 741 2280 Illud
761 2231 860 2280 autern
880 2220 1024 2296 optimum
1041 2231 1094 2292 est,
1106 2219 1135 2278 in
1150 2247 1182 2282 20

96 2319 178 2396 quod
192 2317 291 2378 invadi
305 2320 398 2379 solere
412 2320 449 2379 ab
463 2319 604 2395 improbis
619 2330 648 2378 et
661 2318 767 2377 invidis
781 2318 890 2378 audio:

323 2434 417 2482 Cedant
431 2449 504 2482 arma
519 2439 591 2496 togae,
608 2433 717 2481 comedat
732 2433 818 2480 laurea
834 2432 910 2481 laudi.

104 2580 305 2631 ,mmmmm
346 2533 389 2591 Ut
413 2530 493 2590 enim
520 2531 593 2591 alios
613 2532 764 2604 omittam,
787 2530 872 2590 nobis
900 2551 962 2590 rern
988 2530 1138 2608 publicam

96 2631 306 2673 ‘⁰⁹¹¹'0Wt500ffl
344 2629 573 2704 gubernantibus
611 2649 710 2688 nonne
744 2639 829 2706 togae
863 2648 943 2687 arma
966 2631 1138 2688 cesserunt?
1223 2621 1227 2630 ’

96 2684 133 2772 iffi
149 2682 310 2790 offlam
346 2729 453 2802 Neque
467 2727 547 2786 enim
561 2726 723 2802 periculum
737 2724 767 2782 in
782 2724 931 2800 republica
951 2725 1004 2783 suit
1024 2724 1137 2802 gravius
1151 2747 1182 2798 ²5

95 2783 309 2932 ffiffip‘liliss
346 2845 489 2902 umquam
517 2844 572 2884 nec
600 2824 694 2883 maius
722 2823 829 2883 otium:
859 2823 899 2882 ita
925 2823 1054 2882 consiliis
1077 2822 1140 2883 dili·

344 2922 500 3000 gentiaque
525 2932 624 2980 nostra
644 2919 775 2979 celeriter
795 2921 833 2979 de
855 2919 991 2979 manibus
1009 2919 1140 2978 audacis·

97 3017 238 3078 simorum
265 3018 375 3078 civium
403 3021 524 3096 delapsa
550 3038 631 3076 arrna
657 3016 720 3093 ipsa
747 3015 924 3076 ceciderunt.
982 3016 1066 3089 Quae
1093 3034 1139 3075 res

97 3112 183 3190 igitur
200 3126 282 3192 gesta
297 3135 439 3192 umquam
459 3115 489 3174 in
510 3116 588 3174 bello
609 3115 714 3172 tanta?
735 3112 785 3187 qui
805 3111 970 3188 triumphus
990 3111 1140 3170 conferen-

97 3213 178 3273 dus?
219 3215 264 3286 78.
306 3213 390 3272 Licet
410 3212 489 3272 enirn
510 3211 591 3283 mihi,
615 3213 715 3269 Marce
736 3209 785 3281 fili,
808 3210 887 3285 apud
907 3219 937 3268 te
956 3207 1080 3285 gloriari,
1101 3209 1140 3267 ad
1153 3228 1184 3278 50

98 3328 188 3386 quem
208 3320 238 3369 et
257 3309 404 3370 hereditas
425 3308 512 3367 huius
532 3306 640 3384 gloriae
661 3317 691 3366 et
712 3308 854 3364 factorum
868 3304 992 3364 imitatio
1006 3303 1138 3382 pertinet

99 3407 176 3466 Mihi
200 3407 322 3484 quidem
342 3417 421 3466 certe
441 3406 484 3465 vir
503 3406 658 3465 abundans
678 3402 791 3463 bellicis
811 3401 955 3475 laudibus,
977 3403 1031 3463 Cn.
1055 3404 1141 3462 Pom·

97 3502 190 3579 peius,
217 3502 317 3562 multis
345 3500 531 3560 audientibus
558 3501 617 3558 hoc
644 3497 752 3571 tribuit,
781 3509 814 3556 ut
841 3496 952 3556 diceret
978 3498 1082 3556 frustra
1108 3515 1140 3556 se

149 3680 161 3728 7
180 3663 383 3716 Lacedaemoniis
403 3669 504 3726 putatur
524 3660 589 3708 codd.
608 3660 699 3727 mg&
720 3659 816 3707 videtur
831 3657 942 3706 exaiitkse
958 3657 1058 3706 verbum
1074 3659 1140 3707 velut

99 3748 266 3802 constitutum,
284 3752 410 3809 paratum
433 3741 636 3792 Lacedaemoniis
652 3748 752 3806 putatur
767 3740 897 3788 dilatatum
911 3754 1005 3788 mum
1017 3738 1091 3787 codz'ce
1103 3741 1141 3789 Be

102 3831 150 3879 Or:
160 3835 258 3894 parturn
269 3825 356 3876 inserit
365 3825 508 3885 Lambinus,
523 3822 608 3886 recepit
618 3822 658 3869 Ba
688 3824 698 3878 ΙΙ
735 3833 764 3870 22
777 3827 825 3885 pro
836 3817 902 3869 laudi
918 3819 987 3868 habet
1002 3817 1057 3884 paci
1075 3835 1140 3868 unus

98 3906 289 3963 BermcHeinc
299 3905 339 3954 Lu
