2670 4296
122 204 186 264 lxi
200 199 252 284 36]
500 204 550 262 De
567 203 669 262 bellia's
688 201 785 278 officit}
1126 219 1160 281 15

363 374 479 445 modus,
499 381 588 448 atque
613 372 695 432 haud
719 370 781 431 scio
802 390 840 429 an
861 369 930 430 satis
953 370 991 431 sit
1017 390 1086 432 eum
1110 370 1162 448 qui

144 481 226 536 iustior
241 481 332 533 impote·
368 468 527 530 lacessierit
545 468 667 528 iniuriae
688 487 759 528 suae
779 466 937 544 paenitere,
952 477 985 526 ut
1002 478 1031 528 et
1047 468 1162 546 ipsene

120 533 189 575 ducier
201 546 230 574 ou
243 545 268 573 us
278 545 332 572 even

119 583 211 675 &Konga
219 581 331 674 vigam
369 567 442 643 quid
455 568 513 628 tale
527 568 652 644 posthac
665 577 695 626 et
712 564 802 625 ceteri
821 564 878 624 sint
899 566 939 625 ad
956 564 1091 625 iniuriam
1109 576 1164 626 tar·

119 681 286 734 uoenmngee,
369 668 474 727 diores.
517 684 563 742 34.
606 668 705 741 Atque
722 664 753 723 in
772 663 938 741 republica
955 663 1082 724 maxime
1095 683 1164 723 con·

365 764 507 825 servanda
532 773 601 822 sunt
622 762 685 821 iura
704 759 782 821 belli
826 762 905 819 Nam
926 780 994 820 cum
1018 760 1076 821 sint
1102 762 1164 821 duo
1191 777 1205 828 5

119 883 228 942 genera
242 846 420 934 decertandi,
435 879 528 919 unum
544 879 597 936 per
613 856 866 934 disceptationem,
882 859 1005 917 alterum
1023 876 1076 933 per
1093 856 1162 930 vim,

120 975 247 1032 cumque
267 954 341 1014 illud
361 951 511 1030 proprium
531 950 568 1010 sit
588 949 725 1023 hominis,
743 950 802 1008 hoc
817 949 978 1023 beluarum,
997 948 1166 1026 confugien-

120 1074 332 1127 romdspublicen-
369 1049 443 1109 dum
457 1058 501 1108 est
519 1048 558 1107 ad
578 1045 731 1124 posterius
747 1045 772 1104 si
790 1044 834 1104 uti
846 1065 909 1106 non
924 1045 992 1105 licet
1006 1045 1162 1122 superioress

120 1126 330 1231 ὶῗίζζῃοςψπ,
370 1160 416 1220 35.
460 1143 577 1217 Quare
595 1140 781 1217 suscipienda
802 1139 923 1216 quidem
939 1141 1017 1200 bella
1036 1150 1104 1200 sunt
1123 1140 1163 1200 ob

121 1226 332 1269 w⁸⁸h⁰¹¹¹db²¹⁸⁸
370 1259 437 1300 eam
450 1259 577 1312 causam,
592 1248 625 1297 ut
639 1237 702 1297 sine
716 1235 820 1295 iniuria
830 1235 860 1294 in
869 1255 942 1312 pace
951 1236 1072 1312 vivatur,
1080 1249 1163 1314 parta
1177 1261 1207 1296 ro

121 1277 192 1317 sorted
208 1285 230 1317 to
247 1277 297 1326 only
309 1289 333 1317 as

121 1335 334 1425 {ffiffinffi
371 1345 470 1394 autem
483 1333 605 1394 victoria
623 1331 817 1392 conservandi
837 1332 858 1391 ii
879 1331 929 1408 qui
949 1351 1010 1393 non
1030 1334 1163 1393 crudeles

122 1426 333 1528 mummu-
372 1430 403 1490 in
416 1432 503 1504 bello,
518 1448 579 1490 non
593 1429 737 1488 immanes
752 1430 876 1500 suerunt,
888 1438 920 1486 ut
933 1427 1058 1488 maiores
1071 1428 1163 1488 nostri

167 1537 204 1568 ⁰¹¹·
214 1537 314 1568 ΗΠ·
370 1529 563 1600 Tusculanos,
578 1528 709 1602 AequoS,
720 1527 854 1599 Volscos,
865 1524 998 1598 Sabinos,
1015 1525 1163 1585 Hernicos

122 1621 153 1680 in
172 1621 320 1683 civitatem
340 1623 429 1684 etiam
443 1633 627 1699 acceperunt,
643 1633 673 1681 at
688 1621 900 1698 Karthaginem
920 1633 949 1681 et
970 1620 1162 1680 Numantiam

122 1718 254 1778 funditus
282 1704 479 1779 sustulerunt:
507 1721 618 1778 nollem
646 1718 830 1791 Corinthum,
855 1718 909 1777 sed
935 1717 1024 1776 credo
1051 1712 1163 1793 aliquid
1177 1739 1204 1790 15

122 1827 247 1888 secutos,
265 1815 515 1891 opportunitatem
533 1813 592 1874 loci
607 1833 752 1886 maxume,
773 1833 811 1872 ne
832 1823 930 1889 posset
948 1812 1107 1888 aliquando
1124 1814 1162 1873 ad

122 1911 233 1972 bellum
247 1911 414 1971 faciendum
428 1913 511 1971 locus
525 1910 587 1987 ipse
601 1909 756 1969 adhortari.
801 1911 872 1968 Mea
885 1908 1005 1985 quidem
1019 1909 1163 1968 sententia

122 2006 197 2083 paci,
207 2026 283 2084 quae
297 2007 371 2066 nihil
384 2007 518 2067 habitura
528 2007 565 2066 sit
574 2006 753 2078 insidiarum,
764 2025 878 2081 semper
886 2016 930 2064 est
938 2006 1160 2066 consulendum.

124 2106 161 2163 In
175 2123 235 2180 quo
249 2103 273 2163 si
281 2103 354 2162 mihi
367 2114 444 2163 esset
454 2113 696 2180 optemperatum,
709 2101 733 2160 si
748 2121 808 2160 non
823 2112 983 2177 optumam,
994 2112 1023 2159 at
1034 2100 1162 2177 aliquam

122 2219 184 2262 rem
197 2200 354 2277 publicam,
367 2219 442 2277 quae
453 2219 532 2258 nunc
546 2201 626 2259 nulla
636 2209 688 2271 est,
704 2199 884 2258 haberemus.
909 2199 947 2257 Et
960 2217 1028 2256 cum
1039 2197 1073 2256 iis
1087 2216 1162 2273 quos
1176 2223 1207 2260 ιο

122 2295 152 2356 vi
165 2295 306 2357 deviceris
320 2296 535 2356 consulendum
549 2306 601 2369 est,
613 2306 676 2354 tum
690 2293 772 2370 iiqui
782 2293 869 2352 armis
878 2292 981 2370 positis
994 2293 1033 2352 ad
1042 2293 1163 2369 impera·

123 2403 220 2452 torum
227 2395 318 2454 fidem
325 2392 503 2468 confugient,
514 2391 646 2468 quamvis
657 2410 774 2449 murum
788 2390 861 2449 aries
870 2389 1050 2465 percusserit,
1062 2389 1163 2466 recipi-

123 2489 201 2550 endi
243 2491 282 2549 In
295 2508 355 2566 quo
370 2499 452 2547 tanto
467 2507 555 2564 opere
571 2489 652 2563 apud
666 2497 782 2546 nostros
800 2485 910 2545 iustitia
923 2487 1002 2544 culta
1020 2496 1072 2558 est,
1087 2497 1119 2544 ut
1132 2485 1161 2558 ii,

124 2585 175 2662 qui
188 2585 319 2645 civitates
340 2596 391 2644 aut
412 2584 545 2644 nationes
567 2583 696 2643 devictas
716 2584 795 2643 bello
815 2582 846 2641 in
867 2583 956 2642 fidem
977 2582 1162 2658 recepissent,

301 2738 324 2749 ,,
375 2700 474 2741 earum
491 2679 607 2756 patroni
625 2691 722 2739 essent
736 2699 817 2739 more
836 2673 987 2738 maiorum
1030 2681 1076 2754 36.
1118 2682 1205 2754 Ac25

123 2737 334 2847 oflihuembbbaipfflf
372 2778 442 2838 belli
463 2778 585 2854 quidem
605 2778 736 2853 aequitas
757 2776 937 2836 sanctissime
956 2775 1046 2835 fetiali
1062 2777 1164 2852 populi

123 2837 247 2879 ternational
260 2839 300 2879 law
308 2839 332 2878 11·
494 2874 500 2886 ,
526 2875 532 2886 ,
706 2874 712 2886 .
1037 2872 1043 2884 .
1156 2873 1162 2885 .

123 2887 225 2928 tuscana
254 2888 335 2939 bran
372 2877 502 2935 Romani
524 2895 585 2935 rure
606 2885 766 2952 perscripta
790 2884 841 2934 est.
885 2875 931 2932 Ex
954 2892 1013 2949 quo
1036 2875 1164 2950 intellegi

123 2938 336 3038 ii2⁸⁰d⁰ffie⁰⁰⁰iii⁰ei
373 2982 469 3046 potest
483 2971 597 3030 nullum
611 2972 722 3031 bellum
736 2990 800 3030 esse
814 2970 922 3029 iustum
943 2969 999 3029 nisi
1013 2972 1095 3046 quod
1113 2981 1163 3030 aut

122 3049 190 3089 Μ’
371 3068 457 3127 rebus
473 3067 602 3144 repetitis
620 3079 734 3145 geratur
750 3078 800 3127 aut
818 3067 1021 3127 denuntiatum
1038 3079 1106 3127 ante
1127 3068 1164 3127 sit

124 3173 154 3222 et
168 3160 320 3222 indictum.
364 3160 509 3244 [Popilius
529 3164 687 3241 imperator
700 3165 818 3224 tenebat
831 3163 1021 3239 provinciam,
1036 3163 1067 3222 in
1081 3164 1163 3224 cuius
1176 3187 1207 3236 30

122 3257 250 3318 exercitu
266 3258 387 3319 Catonis
405 3259 482 3323 filius
502 3259 557 3320 tiro
577 3260 727 3320 militabat.
771 3262 849 3321 Cum
869 3271 968 3319 autem
989 3260 1104 3337 Popilio
1124 3261 1164 3320 vi·

122 3352 240 3415 deretur
260 3373 349 3413 unam
370 3355 515 3416 dimittere
536 3355 690 3433 legionem,
707 3355 829 3417 Catonis
849 3376 968 3433 quoque
988 3357 1090 3431 filium,
1112 3357 1163 3434 qui

123 3450 154 3509 in
168 3452 273 3511 eadem
287 3451 401 3528 legione
416 3451 566 3525 militabat,
582 3452 699 3512 dimisit.
743 3452 802 3512 Sed
816 3472 885 3512 cum
898 3472 998 3514 amore
1011 3455 1163 3532 pugnandi

122 3547 154 3607 in
175 3547 303 3608 exercitu
322 3546 516 3620 remansisset,
532 3549 608 3608 Cato
629 3549 667 3608 ad
689 3548 835 3624 Popilium
856 3548 977 3626 scripsit,
992 3561 1034 3624 ut,
1048 3550 1074 3610 si
1094 3570 1162 3610 eum

121 3643 231 3721 patitur
257 3642 288 3702 in
314 3642 443 3702 exercitu
470 3662 628 3717 remanere,
656 3645 788 3704 secundo
811 3664 880 3704 eum
907 3645 1016 3723 obliget
1041 3645 1161 3709 militiae
1174 3665 1204 3718 35

173 3805 205 3854 30
219 3766 483 3854 Popilius-movendo
497 3790 556 3840 delet
571 3791 721 3853 Madvigim,
735 3791 805 3840 unat
818 3791 970 3841 incluserunt
983 3792 1022 3841 Ba
1033 3792 1112 3843 Heim
1121 3794 1162 3844 Lu

124 3875 136 3932 11
173 3886 202 3935 35
220 3877 343 3935 pateretur
356 3872 399 3931 Or,
411 3873 502 3937 patitur
512 3888 568 3922 cum
578 3873 641 3922 codd.
654 3874 694 3922 Ba
705 3873 783 3922 Heim
793 3873 834 3922 Lu
