2670 4296
69 935 188 985 XXXIX

198 209 239 269 50
438 193 488 250 De
504 192 595 250 altera
607 197 696 266 parte
713 191 822 249 Decori
836 207 909 264 quae
927 189 971 247 ad
1023 183 1051 268 [I
1066 204 1168 246 xxxrx
1185 189 1241 262 138

199 359 256 420 mis
279 361 362 432 fiunt,
377 334 466 419 etiam
485 357 510 418 si
528 358 614 417 nobis
631 356 752 434 indigna
769 355 933 428 audiamus,
953 365 1053 416 tamen
1071 355 1243 432 gravitatem

198 456 333 530 retinere,
354 454 536 515 iracundiam
556 454 673 530 pellere.
698 455 781 529 Quae
798 451 963 512 enimcum
980 450 1078 527 aliqua
1094 453 1244 528 perturba·

226 613 273 655 stt
319 614 324 624 ,
397 613 412 654 d
448 549 530 610 tione
543 550 673 621 fiunt‚ea
686 567 742 608 nec
756 559 924 608 constanter
937 547 1000 608 fieri
1010 559 1134 624 possunt
1145 567 1243 625 neque

200 626 411 724 mteiaiff‘unii«
449 646 484 706 iis
508 645 560 722 qui
578 647 686 706 adsunt
708 644 834 722 probari.
878 647 1019 705 Deforme
1038 645 1128 705 etiam
1146 657 1191 707 est
1205 648 1243 708 de

182 727 291 766 ‘mm'
449 762 481 803 se
503 742 601 819 ipsum
624 742 802 819 praedicare,
827 741 900 799 salsa
923 740 1102 817 praesertim,
1123 752 1243 802 etcum
1272 756 1286 806 5

199 836 338 900 inrisione
351 838 534 900 audientium
547 837 653 898 imitari
666 836 789 897 militem
802 835 974 913 gloriosum.

225 982 275 1032 (Βά)
284 982 416 1034 Apersonot
514 937 578 1009 138.
621 936 661 993 Et
675 933 815 1009 quoniam
830 931 931 992 omnia
944 932 1152 1010 persequimur,
1164 933 1244 994 volu·

199 1033 280 1074 ¹²⁰⁰0¹1¹
291 1033 411 1074 shouldex·
449 1049 515 1090 mus
529 1028 651 1107 quidem
665 1040 753 1100 certe,
768 1028 929 1089 dicendum
949 1040 993 1088 est
1012 1029 1109 1102 etiam,
1125 1031 1242 1105 qualem

200 1083 253 1123 hibit
270 1082 302 1123 his
317 1097 378 1124 sense
390 1085 415 1125 os

200 1133 348 1231 ffingietoubg
359 1133 411 1225 213:
449 1127 577 1189 hominis
598 1127 735 1188 honorati
756 1138 786 1188 et
806 1125 947 1205 principis
976 1128 1100 1187 domum
1126 1125 1242 1201 placeat

200 1232 248 1332 lege
261 1241 297 1323 ld
308 1232 344 1324 {¹012
360 1247 414 1324 3¹:33
452 1245 524 1299 esse,
550 1225 633 1285 cuius
655 1225 721 1284 finis
742 1236 787 1285 est
806 1245 885 1298 usus,
906 1226 947 1285 ad
968 1243 1058 1301 quem
1077 1239 1242 1282 accommo
1256 1243 1286 1278 10

200 1313 415 1385 nor’extravaaantly
452 1323 552 1383 danda
573 1334 618 1383 est
641 1322 820 1383 aedificandi
842 1322 1001 1399 descriptio
1023 1332 1053 1382 et
1074 1332 1173 1382 tamen
1193 1320 1243 1379 ad·

200 1390 267 1433 W
449 1420 580 1480 hibenda
606 1420 827 1481 commoditatis
852 1419 1062 1498 dignitatisque
1081 1417 1239 1496 diligentia

203 1510 258 1570 Cn.
275 1513 408 1586 Octavia
424 1515 474 1592 qui
488 1516 600 1593 primus
614 1535 651 1576 ex
665 1515 714 1575 illa
727 1515 838 1575 familia
851 1517 956 1575 consul
970 1519 1063 1575 factus
1078 1524 1128 1585 est,
1136 1512 1242 1575 honori

201 1607 290 1668 fuisse
311 1611 488 1687 accepimus,
511 1614 593 1688 quod
620 1613 799 1690 praeclaram
819 1611 1003 1672 aedificasset
1027 1611 1058 1670 in
1080 1610 1192 1670 Palatio
1213 1621 1243 1670 et

201 1707 320 1781 plenam
334 1707 482 1784 dignitatis
496 1710 639 1769 domum:
655 1729 731 1786 quae
745 1729 814 1768 cum
827 1710 915 1786 vulgo
929 1708 1077 1780 viseretur,
1089 1709 1243 1784 suffragata
1257 1724 1284 1774 15

202 1801 333 1875 domino,
348 1823 427 1864 novo
444 1803 566 1877 homini,
579 1805 618 1865 ad
633 1807 818 1864 consulatum
831 1805 996 1882 putabatur.
1014 1806 1104 1864 Hanc
1118 1807 1242 1866 Scaurus

201 1897 358 1980 demolitus
377 1901 576 1961 accessionem
593 1899 726 1960 adiunxit
744 1900 876 1961 aedibus
906 1903 1025 1977 vItaque
1043 1900 1092 1960 ille
1110 1900 1141 1959 in
1160 1918 1242 1960 suam

201 1992 323 2053 domum
338 1999 522 2056 consulatum
536 1996 647 2074 primus
660 1997 770 2058 attulit:
788 1997 846 2070 hic,
861 1996 968 2056 summi
982 2008 1012 2056 et
1025 1995 1176 2056 clarissimi
1190 1995 1243 2055 viri

201 2088 285 2163 filius,
298 2090 328 2149 in
343 2093 465 2152 domum
478 2092 703 2169 multiplicatam
714 2111 775 2152 non
788 2095 934 2170 repulsam
949 2093 1046 2152 solum
1059 2093 1177 2166 rettulit,
1190 2093 1243 2153 sed

201 2183 392 2264 ignominiam
413 2188 501 2248 etiam
514 2199 556 2248 ·et
580 2187 786 2249 calamitatem.
832 2207 896 2264 139.
932 2190 1074 2249 Ornanda
1088 2185 1167 2246 enim
1197 2195 1242 2246 est
1254 2211 1286 2246 20

202 2283 328 2362 dignitas
342 2285 443 2357 domo,
458 2304 519 2344 non
533 2304 570 2345 ex
584 2287 676 2346 domo
690 2296 753 2345 tota
773 2285 948 2372 quaerenda,
968 2304 1024 2344 nec
1040 2285 1132 2344 domo
1151 2283 1243 2343 domi·

201 2397 266 2451 nus,
287 2380 341 2438 sed
362 2380 484 2441 domino
505 2381 819 2452 domushonestanda
837 2391 889 2453 est,
913 2392 942 2439 et
972 2390 1004 2439 ut
1021 2378 1051 2437 in
1070 2379 1173 2439 ceteris
1193 2379 1243 2438 ha·

202 2475 301 2533 benda
320 2475 393 2534 ratio
414 2495 475 2536 non
496 2495 549 2535 sua
568 2478 674 2549 solum,
697 2477 751 2537 sed
771 2476 860 2537 etiam
881 2476 1013 2548 aliorum,
1034 2475 1076 2534 sic
1098 2475 1129 2534 in
1151 2476 1242 2536 domo

202 2570 272 2628 clari
292 2571 428 2646 hominis,
443 2572 474 2632 in
495 2592 585 2650 quam
604 2584 634 2634 et
655 2573 786 2650 hospites
810 2572 895 2633 multi
915 2571 1075 2649 recipiendi
1094 2584 1123 2632 et
1140 2571 1242 2631 admit-

203 2667 293 2726 tenda
306 2667 460 2728 hominum
475 2669 617 2746 cuiusque
637 2669 720 2730 modi
736 2669 903 2742 multitudo,
921 2669 1091 2729 adhibenda
1106 2687 1176 2727 cura
1196 2679 1240 2728 est
1254 2689 1283 2736 ²5

202 2762 336 2825 laxitatis.
377 2765 472 2824 Aliter
491 2769 590 2843 ampla
611 2768 717 2828 domus
738 2765 877 2827 dedecori
898 2785 987 2843 saepe
1011 2765 1133 2826 domino
1153 2767 1193 2838 fit,
1215 2766 1240 2826 si

204 2859 294 2920 estin
313 2879 349 2921 ea
366 2860 503 2933 solitudo,
518 2873 548 2922 et
566 2862 702 2936 maxime,
717 2861 742 2922 si
758 2862 916 2938 aliquando
936 2860 995 2920 alio
1014 2859 1137 2920 domino
1155 2859 1240 2920 solita

203 2969 248 3018 est
269 2957 455 3035 frequentari.
496 2959 643 3020 Odiosum
665 2972 709 3020 est
737 2959 825 3033 enim,
853 2977 923 3018 cum
947 2977 965 3016 a
988 2955 1238 3034 praetereuntibus

203 3055 327 3117 dieitur:

535 3156 656 3204 Odomus
671 3149 783 3219 tituliqua,
799 3155 846 3204 heu
862 3170 936 3218 quam
952 3149 1049 3217 dtipari
1138 3143 1144 3148 ’
1251 3162 1284 3211 30

426 3235 553 3286 domindrc
568 3239 685 3287 donrinol

204 3350 285 3425 quod
303 3349 423 3427 quidem
437 3352 482 3411 his
495 3352 675 3430 temporibus
692 3352 722 3411 in
739 3351 838 3412 multis
852 3351 920 3410 licet
934 3349 1039 3411 dicere.
1084 3368 1148 3421 140.
1183 3350 1239 3410 Ca·

202 3446 333 3505 vendum
351 3456 450 3505 autem
469 3431 522 3519 est,
543 3447 713 3523 praesertim
732 3446 756 3506 si
775 3446 838 3523 ipse
858 3445 1003 3517 aedifices,
1022 3463 1060 3504 ne
1081 3455 1161 3504 extra
1176 3464 1239 3505 mo-

203 3543 275 3601 dum
289 3554 407 3619 sumptu
421 3554 449 3602 et
467 3543 681 3620 magnificentia
697 3545 841 3621 prodeas:
868 3563 928 3620 quo
946 3542 977 3602 in
993 3559 1100 3618 genere
1113 3541 1237 3599 multum

202 3636 272 3695 mali
285 3635 372 3696 etiam
386 3636 416 3694 in
431 3641 565 3713 exemplo
580 3650 633 3699 est
674 3638 812 3699 Studiose
830 3637 908 3698 enim
922 3637 1054 3714 plerique
1067 3635 1237 3713 praesertim
1250 3654 1280 3704 3⁵

200 3730 231 3821 in
246 3733 322 3792 hanc
334 3743 448 3809 partem
462 3735 539 3792 lacta
552 3735 718 3812 principum
732 3734 890 3806 imitantur,
902 3744 935 3793 ut
949 3736 982 3793 L.
993 3731 1116 3806 Luculli,
1129 3730 1237 3792 summi

334 3898 337 3904 ,
416 3857 445 3907 25
457 3845 552 3908 generis
562 3863 618 3906 cum
628 3847 677 3903 cod.
691 3864 707 3896 a
718 3848 767 3905 Ba,
779 3846 847 3896 modi
857 3847 929 3910 vulgo
944 3849 980 3896 Or
989 3846 1070 3897 Htine
