2716 4290
234 223 288 282 124
483 207 533 269 De
551 210 720 268 contentione
738 210 865 271 Honesti
878 217 907 269 et
931 211 1018 272 Utr'ltl
1091 206 1155 290 [Ill
1171 227 1216 270 xx
1230 212 1268 270 82

233 325 1276 336 ——————————---———-————-

231 387 266 437 ut
280 375 376 436 Mario
390 376 553 454 praeripere
566 377 686 455 collegis
699 389 729 439 et
743 378 865 439 tribunis
874 378 954 456 plebi
967 380 1139 456 popularem
1152 377 1275 455 gratiam

232 472 360 534 nonita
382 484 475 552 turpe,
496 477 652 536 consulem
679 477 720 536 ob
746 495 813 536 eam
839 496 902 537 rem
929 475 1000 548 fieri,
1029 476 1112 552 quod
1133 474 1188 536 sibi
1211 486 1275 536 tum

435 633 446 660 r
483 583 683 650 proposuerat,
711 575 798 634 valde
825 573 897 634 utile
923 572 1083 634 videbatur.
1127 574 1187 633 Sed
1214 593 1276 633 om·

257 629 318 660 noan
346 618 380 660 lo‘r
408 633 434 660 ou

231 669 447 760 Qwfflnffi
484 669 566 729 nium
599 689 660 729 una
693 671 792 748 regula
813 681 869 743 est,
898 689 988 747 quam
1015 669 1069 730 tibi
1095 669 1183 747 cupio
1210 688 1275 731 esse

231 767 445 860 ffigpdoinaan
481 765 678 829 notissimam:
698 778 749 827 aut
767 768 848 841 illud,
864 768 946 844 quod
963 767 1035 828 utile
1053 767 1176 842 videtur,
1191 779 1275 845 turpe
1305 796 1320 847 5

376 831 445 860 actlou

231 869 446 970 ffibheiffnbeetvgg
483 885 521 927 ne
541 864 587 936 sit,
602 865 702 938 aut,si
722 876 807 942 turpe
827 876 881 938 est,
896 885 935 925 ne
955 864 1090 925 videatur
1106 885 1173 926 esse
1193 865 1272 927 utile.

226 982 275 1061 ἓν
342 969 399 1012 what
429 970 447 1012 it
485 962 567 1037 Quid
593 962 701 1040 igitur?
733 981 928 1039 possumusne
958 974 1009 1023 aut
1035 962 1119 1022 illum
1147 962 1276 1024 Marium

267 1033 289 1072 γ’
481 1060 575 1120 virum
590 1060 702 1120 bonum
711 1058 840 1120 iudicare
853 1070 904 1119 aut
913 1061 1012 1119 hunc?
1053 1059 1174 1137 Explica
1187 1073 1275 1138 atque

233 1164 337 1215 excute
356 1148 586 1232 intellegentiam
606 1166 697 1229 tuam,
711 1166 744 1216 ut
764 1155 865 1216 videas
886 1175 961 1232 quae
982 1155 1019 1216 sit
1038 1154 1069 1215 in
1088 1175 1124 1216 ea
1138 1153 1275 1237 [species]

233 1251 327 1311 forma
341 1261 372 1311 et
385 1251 467 1311 notio
481 1250 535 1310 viri
548 1251 627 1311 boni.
671 1252 761 1313 Cadit
779 1271 848 1329 ergo
864 1251 896 1311 in
914 1240 1009 1311 virum
1027 1252 1139 1312 bonum
1160 1250 1275 1310 mentiri
1291 1281 1321 1316 ιο

158 1341 161 1348 ’
234 1347 426 1409 emolumenti
446 1347 492 1406 sui
517 1367 615 1421 causa,
637 1347 793 1422 criminari,
821 1348 994 1424 praeripere,
1022 1350 1140 1410 fallere?
1193 1347 1276 1422 Nihil

258 1477 451 1520 nummo,
485 1446 617 1520 profecto
638 1443 743 1503 minus.
795 1447 841 1503 82.
878 1447 932 1503 Est
953 1463 1021 1522 ergo
1048 1445 1108 1503 ulla
1131 1463 1177 1504 res
1202 1442 1276 1503 tanti

232 1530 447 1629 {m‘dffissffiffii
484 1552 535 1601 aut
555 1542 748 1601 commodum
767 1542 860 1600 ullum
881 1551 942 1600 tam
956 1542 1162 1618 expetendum,
1177 1551 1210 1614 ut
1222 1538 1276 1600 viri

233 1642 247 1671 ⁰
271 1629 379 1682 ‘'mill“
484 1637 556 1700 boni
578 1649 607 1698 et
627 1639 814 1715 splendorem
835 1648 864 1698 et
884 1657 995 1698 nomen
1015 1637 1150 1697 amittas?
1194 1635 1275 1712 Quid

236 1745 282 1797 est
309 1736 391 1812 quod
418 1737 532 1796 adferre
558 1745 673 1795 tantum
702 1734 809 1795 utilitas
836 1734 899 1807 ista,
929 1754 1005 1811 quae
1032 1734 1145 1808 dicitur,
1174 1733 1274 1811 possit,
1289 1755 1319 1805 15

235 1844 378 1909 quantum
406 1834 526 1905 auferre,
550 1831 575 1891 si
603 1829 674 1890 boni
701 1830 754 1889 viri
782 1849 891 1891 nomen
918 1829 1062 1908 eripuerit,
1084 1831 1175 1890 fidem
1198 1829 1277 1889 iusti·

235 1928 365 2005 tiamque
393 1928 567 1989 detraxerit?
607 1927 689 2002 Quid
715 1926 796 1987 enim
822 1927 942 1988 interest
969 1938 1065 1986 utrum
1080 1945 1130 1986 ex
1155 1926 1276 1987 homine

235 2043 268 2085 se
288 2035 439 2084 convertat
460 2023 526 2101 quis
547 2022 578 2082 in
598 2021 717 2083 beluam
740 2040 780 2081 an
806 2021 935 2082 hominis
961 2023 1054 2100 figura
1072 2020 1276 2082 inmanitatem

235 2131 315 2198 gerat
328 2122 451 2181 beluae?

155 2219 222 2270 XXI
259 2273 307 2316 me
320 2274 363 2316 m,
379 2275 449 2316 dim·
544 2218 644 2296 Quidl
664 2217 715 2298 qui
729 2217 829 2280 omnia
842 2230 922 2280 recta
929 2229 960 2280 et
973 2227 1096 2279 honesta
1109 2217 1275 2295 neglegunt,
1289 2238 1323 2274 20

234 2335 335 2417 {²313ng
329 2335 449 2416 asum}
487 2316 559 2376 dum
586 2317 678 2377 modo
704 2316 900 2394 potentiam
927 2323 1152 2391 consequantur,
1175 2331 1276 2373 nonne

234 2426 449 2516 nonenosseower
486 2413 566 2473 idem
577 2413 688 2474 faciunt
702 2415 784 2491 quod
797 2413 831 2487 is,
847 2412 899 2489 qui
912 2411 1001 2473 etiam
1019 2431 1153 2472 socerum
1166 2412 1276 2472 habere

232 2477 346 2617 {Quiri}
362 2490 449 2616 tffi}
486 2509 578 2571 voluit
605 2529 681 2582 eum,
707 2511 791 2570 cuius
817 2509 881 2587 ipse
907 2508 1032 2569 audacia
1053 2519 1159 2585 potens
1181 2509 1277 2568 esset?

234 2635 306 2667 sance
326 2626 351 2668 or
370 2637 446 2668 runos
485 2606 567 2668 Utile
587 2605 615 2666 ei
635 2606 789 2667 videbatur
808 2605 965 2683 plurimum
986 2624 1072 2682 posse
1092 2603 1209 2665 alterius
1235 2603 1279 2663 in·

234 2687 329 2718 masaa.
483 2701 570 2762 vidia
613 2703 652 2762 Id
673 2721 763 2779 quam
783 2700 924 2762 iniustum
942 2701 974 2761 in
994 2701 1117 2779 patriam
1136 2713 1166 2762 et
1187 2721 1277 2780 quam
1289 2719 1322 2770 25

233 2809 317 2879 turpe
338 2798 381 2882 [et
399 2818 488 2877 quam
506 2795 621 2879 inutile]
642 2809 719 2858 esset
735 2817 797 2859 non
815 2798 943 2858 videbat.
986 2800 1055 2875 Ipse
1074 2809 1173 2859 autem
1193 2816 1279 2858 socer

261 2932 309 2974 ,pe
362 2932 448 2983 ,nme
485 2895 517 2954 in
531 2913 581 2955 ore
595 2913 711 2972 semper
724 2895 854 2955 Graecos
867 2914 968 2955 versus
986 2896 1024 2955 de
1045 2893 1213 2956 Phoenissis
1227 2895 1278 2955 ha·

234 2983 448 3076 ffiffiptmissghg
485 2991 583 3064 bebat,
600 3010 674 3068 quos
689 2990 787 3050 dicam
800 3002 834 3052 ut
846 3002 958 3068 potero,
979 2990 1131 3052 incondite
1145 2993 1276 3066 fortasse,

235 3083 360 3127 nmmorat
484 3088 537 3147 sed
550 3098 651 3148 tamen
664 3098 696 3148 ut
710 3107 756 3149 res
769 3087 862 3165 possit
875 3087 1018 3166 intellegi:

426 3197 497 3248 Nam
512 3198 537 3249 sd
549 3198 692 3249 uiolandum
708 3208 743 3250 est
758 3200 806 3262 aits,
823 3201 947 3264 regnandi
957 3200 1044 3265 grdta'a
1289 3202 1324 3252 30

426 3279 570 3330 aroldndum
585 3289 634 3332 est:
649 3282 707 3331 aliis
723 3281 792 3332 rlbus
802 3281 917 3347 pa'etatlnt
933 3283 1004 3332 colas.

282 3413 299 3466 9
319 3406 367 3449 aut
379 3400 474 3465 species
488 3406 535 3450 aut
548 3400 627 3451 forma
641 3402 773 3453 nitendum
788 3418 836 3452 esse
855 3403 935 3453 docuit
948 3403 1058 3469 Madvig
1071 3404 1156 3468 Opust.
1176 3405 1280 3455 Acad!

228 3489 258 3548 p.
266 3498 321 3549 337,
330 3486 409 3535 forma
415 3485 560 3533 secluserunt
569 3485 611 3533 Ba
620 3485 670 3546 Lu,
682 3485 776 3549 species
786 3485 861 3532 laets
872 3485 952 3534 Heine
986 3490 995 3544 ΙΙ
1032 3484 1064 3535 26
1078 3486 1150 3535 verba
1166 3492 1190 3535 et
1201 3501 1276 3551 quarn

234 3563 321 3615 inutile
335 3564 464 3615 amalrada
477 3563 574 3626 optimu
586 3564 653 3614 codd.
668 3567 816 3615 secluserunt
829 3566 871 3614 Ba
882 3566 969 3624 Helue,
984 3566 1066 3616 enauit
1079 3568 1111 3615 St
1119 3568 1165 3631 qui
1174 3567 1278 3617 adnotat

238 3645 378 3694 ‘Sententia
394 3643 440 3692 leci
453 3641 546 3691 omaus
560 3642 612 3692 illis
626 3645 704 3694 verbis
716 3645 820 3709 gravior
835 3645 911 3692 multo
925 3645 969 3709 fit,
986 3661 1042 3694 cum
1057 3660 1089 3694 ex
1102 3661 1128 3695 eo
1146 3647 1196 3710 ipso
1213 3646 1280 3710 quad

233 3726 351 3776 iniustum
365 3732 388 3774 et
402 3732 474 3789 turpe
484 3731 524 3785 ert,
536 3725 626 3774 eluceat
638 3726 714 3775 etaiam
725 3725 812 3775 inutile
825 3740 873 3774 esse
881 3724 979 3773 etiamsi
991 3740 1041 3773 non
1055 3725 1114 3789 ipsis
1123 3725 1202 3775 verbis
1211 3724 1276 3774 dua·

233 3815 287 3857 tur.
318 3807 390 3855 Nam
403 3805 428 3854 si
439 3820 495 3854 cum
510 3804 540 3853 vi
551 3806 658 3869 quadam
676 3807 757 3857 Cicero
770 3805 856 3854 addere
868 3805 981 3855 voluisset
990 3813 1016 3855 et
1026 3820 1101 3872 quarn
1112 3804 1206 3868 inutile,
1225 3820 1276 3855 nou

227 3903 305 3953 quam
320 3887 441 3936 iniustum
456 3887 500 3936 sed
513 3894 538 3937 et
552 3902 627 3953 quam
643 3889 761 3940 iniustum
776 3884 886 3937 dixt‘sset'
