<?xml version="1.0" encoding="UTF-8"?>
<!DOCTYPE html PUBLIC "-//W3C//DTD XHTML 1.0 Transitional//EN"
    "http://www.w3.org/TR/xhtml1/DTD/xhtml1-transitional.dtd">
<html xmlns="http://www.w3.org/1999/xhtml" xml:lang="en" lang="en">
 <head>
  <title>
</title>
<meta http-equiv="Content-Type" content="text/html;charset=utf-8" />
  <meta name='ocr-system' content='tesseract 3.04.00' />
  <meta name='ocr-capabilities' content='ocr_page ocr_carea ocr_par ocr_line ocrx_word'/>
</head>
<body>
  <div class='ocr_page' id='page_1' title='image "./mtciceronisdeof00cicegoog_0246.png"; bbox 0 0 2670 4296; ppageno 0'>
   <div class='ocr_carea' id='block_1_1' title="bbox 367 189 1176 310">
    <p class='ocr_par' dir='ltr' id='par_1_1' title="bbox 367 189 1176 310">
     <span class='ocr_line' id='line_1_1' title="bbox 367 189 1176 310; baseline 0.001 -16"><span class='ocrx_word' id='word_1_1' title='bbox 367 214 518 294; x_wconf 83' lang='lat' dir='ltr'><em>NOTES</em></span> <span class='ocrx_word' id='word_1_2' title='bbox 557 234 647 291; x_wconf 79' lang='lat' dir='ltr'><em>Boot&lt;</em></span> <span class='ocrx_word' id='word_1_3' title='bbox 663 234 678 291; x_wconf 93' lang='lat' dir='ltr'>I</span> <span class='ocrx_word' id='word_1_4' title='bbox 699 229 801 292; x_wconf 86' lang='lat' dir='ltr'><em>cxxv</em></span> <span class='ocrx_word' id='word_1_5' title='bbox 815 234 843 308; x_wconf 86' lang='lat'><em>55</em></span> <span class='ocrx_word' id='word_1_6' title='bbox 857 234 895 291; x_wconf 88' lang='grc'><em>88</em></span> <span class='ocrx_word' id='word_1_7' title='bbox 911 235 948 310; x_wconf 88' lang='lat'><em>89</em></span> <span class='ocrx_word' id='word_1_8' title='bbox 1080 189 1176 295; x_wconf 45' lang='lat'><em>1··&#39;201</em></span> 
     </span>
    </p>
   </div>
   <div class='ocr_carea' id='block_1_2' title="bbox 136 399 1181 650">
    <p class='ocr_par' dir='ltr' id='par_1_2' title="bbox 136 399 1181 650">
     <span class='ocr_line' id='line_1_2' title="bbox 136 399 1180 465; baseline -0.001 -15"><span class='ocrx_word' id='word_1_9' title='bbox 136 400 168 450; x_wconf 91' lang='lat' dir='ltr'><em>be</em></span> <span class='ocrx_word' id='word_1_10' title='bbox 191 407 280 463; x_wconf 87' lang='lat' dir='ltr'><em>apart</em></span> <span class='ocrx_word' id='word_1_11' title='bbox 301 399 331 448; x_wconf 86' lang='lat' dir='ltr'><em>of</em></span> <span class='ocrx_word' id='word_1_12' title='bbox 348 399 490 463; x_wconf 80' lang='lat' dir='ltr'><em>magnitudo</em></span> <span class='ocrx_word' id='word_1_13' title='bbox 508 399 603 448; x_wconf 86' lang='lat' dir='ltr'><em>animi:</em></span> <span class='ocrx_word' id='word_1_14' title='bbox 627 415 665 463; x_wconf 90' lang='lat' dir='ltr'><em>cp.</em></span> <span class='ocrx_word' id='word_1_15' title='bbox 687 399 780 448; x_wconf 83' lang='lat' dir='ltr'><strong>Sallust</strong></span> <span class='ocrx_word' id='word_1_16' title='bbox 803 399 857 463; x_wconf 90' lang='lat' dir='ltr'><em>Iug.</em></span> <span class='ocrx_word' id='word_1_17' title='bbox 881 414 920 465; x_wconf 92' lang='lat'><strong>95,</strong></span> <span class='ocrx_word' id='word_1_18' title='bbox 945 415 959 462; x_wconf 82' lang='lat'>3</span> <span class='ocrx_word' id='word_1_19' title='bbox 980 400 1016 447; x_wconf 86' lang='lat' dir='ltr'><em>ad</em></span> <span class='ocrx_word' id='word_1_20' title='bbox 1037 400 1180 450; x_wconf 91' lang='lat' dir='ltr'><em>simulanda</em></span> 
     </span>
     <span class='ocr_line' id='line_1_3' title="bbox 137 463 1181 529; baseline 0.002 -16"><span class='ocrx_word' id='word_1_21' title='bbox 137 465 230 528; x_wconf 87' lang='lat' dir='ltr'><em>negotia</em></span> <span class='ocrx_word' id='word_1_22' title='bbox 246 465 375 513; x_wconf 85' lang='lat' dir='ltr'><em>altitudo</em></span> <span class='ocrx_word' id='word_1_23' title='bbox 396 464 481 527; x_wconf 85' lang='lat' dir='ltr'><em>ingeni</em></span> <span class='ocrx_word' id='word_1_24' title='bbox 503 463 657 518; x_wconf 84' lang='lat' dir='ltr'><em>incredibilis,</em></span> <span class='ocrx_word' id='word_1_25' title='bbox 681 464 741 512; x_wconf 88' lang='lat' dir='ltr'><em>Tac.</em></span> <span class='ocrx_word' id='word_1_26' title='bbox 765 464 833 512; x_wconf 90' lang='lat' dir='ltr'><em>Ann.</em></span> <span class='ocrx_word' id='word_1_27' title='bbox 851 476 883 512; x_wconf 91' lang='lat'><em>111</em></span> <span class='ocrx_word' id='word_1_28' title='bbox 901 484 932 526; x_wconf 87' lang='lat'><em>44</em></span> <span class='ocrx_word' id='word_1_29' title='bbox 949 481 1024 528; x_wconf 89' lang='lat' dir='ltr'><em>neque</em></span> <span class='ocrx_word' id='word_1_30' title='bbox 1043 466 1090 514; x_wconf 90' lang='lat' dir='ltr'><em>loco</em></span> <span class='ocrx_word' id='word_1_31' title='bbox 1106 469 1181 529; x_wconf 83' lang='lat' dir='ltr'><em>neque</em></span> 
     </span>
     <span class='ocr_line' id='line_1_4' title="bbox 136 528 1179 592; baseline 0.002 -15"><span class='ocrx_word' id='word_1_32' title='bbox 136 530 208 577; x_wconf 75' lang='lat' dir='ltr'><em>vultu</em></span> <span class='ocrx_word' id='word_1_33' title='bbox 223 535 314 592; x_wconf 86' lang='lat' dir='ltr'><em>mutata</em></span> <span class='ocrx_word' id='word_1_34' title='bbox 324 537 372 592; x_wconf 86' lang='lat' dir='ltr'><em>per</em></span> <span class='ocrx_word' id='word_1_35' title='bbox 389 529 442 576; x_wconf 88' lang='lat' dir='ltr'><em>illos</em></span> <span class='ocrx_word' id='word_1_36' title='bbox 457 529 508 576; x_wconf 84' lang='lat' dir='ltr'><em>do&#39;es</em></span> <span class='ocrx_word' id='word_1_37' title='bbox 522 530 577 592; x_wconf 83' lang='lat' dir='ltr'><em>egit,</em></span> <span class='ocrx_word' id='word_1_38' title='bbox 595 528 757 576; x_wconf 80' lang='lat' dir='ltr'><em>altitudine</em></span> <span class='ocrx_word' id='word_1_39' title='bbox 771 529 858 588; x_wconf 87' lang='lat' dir='ltr'><em>animi,</em></span> <span class='ocrx_word' id='word_1_40' title='bbox 877 544 912 576; x_wconf 85' lang='lat' dir='ltr'><em>are</em></span> <span class='ocrx_word' id='word_1_41' title='bbox 928 536 1073 592; x_wconf 80' lang='lat' dir='ltr'><em>compererat</em></span> <span class='ocrx_word' id='word_1_42' title='bbox 1088 531 1179 587; x_wconf 81' lang='lat' dir='ltr'><em>maduo</em></span> 
     </span>
     <span class='ocr_line' id='line_1_5' title="bbox 136 594 528 650; baseline -0.008 -8"><span class='ocrx_word' id='word_1_43' title='bbox 136 609 188 650; x_wconf 85' lang='lat' dir='ltr'><em>esse,</em></span> <span class='ocrx_word' id='word_1_44' title='bbox 201 595 256 642; x_wconf 87' lang='lat' dir='ltr'><em>Liv.</em></span> <span class='ocrx_word' id='word_1_45' title='bbox 268 605 318 641; x_wconf 78' lang='grc' dir='ltr'><em>ΧΧΙ</em></span> <span class='ocrx_word' id='word_1_46' title='bbox 332 610 345 642; x_wconf 83' lang='lat' dir='ltr'><em>a</em></span> <span class='ocrx_word' id='word_1_47' title='bbox 358 594 421 641; x_wconf 92' lang='lat' dir='ltr'><em>alta</em></span> <span class='ocrx_word' id='word_1_48' title='bbox 432 594 528 641; x_wconf 83' lang='lat' dir='ltr'><em>indoles.</em></span> 
     </span>
    </p>
   </div>
   <div class='ocr_carea' id='block_1_3' title="bbox 138 672 1191 789">
    <p class='ocr_par' dir='ltr' id='par_1_3' title="bbox 138 672 1191 789">
     <span class='ocr_line' id='line_1_6' title="bbox 151 672 1191 751; baseline 0.004 -28"><span class='ocrx_word' id='word_1_49' title='bbox 151 738 156 751; x_wconf 35' lang='grc' dir='ltr'>ι</span> <span class='ocrx_word' id='word_1_50' title='bbox 183 678 368 730; x_wconf 72' lang='lat' dir='ltr'><em>intempestive</em></span> <span class='ocrx_word' id='word_1_51' title='bbox 378 674 573 735; x_wconf 74' lang='lat' dir='ltr'><em>caenantibus]</em></span> <span class='ocrx_word' id='word_1_52' title='bbox 584 672 669 722; x_wconf 88' lang='lat' dir='ltr'><em>‘those</em></span> <span class='ocrx_word' id='word_1_53' title='bbox 677 672 734 721; x_wconf 85' lang='lat' dir='ltr'><em>who</em></span> <span class='ocrx_word' id='word_1_54' title='bbox 745 673 841 722; x_wconf 88' lang='lat' dir='ltr'><em>intrude</em></span> <span class='ocrx_word' id='word_1_55' title='bbox 850 689 917 737; x_wconf 88' lang='lat' dir='ltr'><em>upon</em></span> <span class='ocrx_word' id='word_1_56' title='bbox 928 690 956 722; x_wconf 91' lang='lat' dir='ltr'><em>ns</em></span> <span class='ocrx_word' id='word_1_57' title='bbox 968 682 992 723; x_wconf 90' lang='lat' dir='ltr'><em>at</em></span> <span class='ocrx_word' id='word_1_58' title='bbox 1000 674 1191 727; x_wconf 84' lang='lat' dir='ltr'><em>unseasonable’</em></span> 
     </span>
     <span class='ocr_line' id='line_1_7' title="bbox 138 741 229 789; baseline 0 -1"><span class='ocrx_word' id='word_1_59' title='bbox 138 741 229 789; x_wconf 66' lang='lat' dir='ltr'><em>times.⁹</em></span> 
     </span>
    </p>
   </div>
   <div class='ocr_carea' id='block_1_4' title="bbox 137 816 1179 1012">
    <p class='ocr_par' dir='ltr' id='par_1_4' title="bbox 137 816 1179 1012">
     <span class='ocr_line' id='line_1_8' title="bbox 183 816 1179 883; baseline 0.003 -18"><span class='ocrx_word' id='word_1_60' title='bbox 183 821 203 865; x_wconf 90' lang='lat' dir='ltr'><em>l.</em></span> <span class='ocrx_word' id='word_1_61' title='bbox 220 823 256 868; x_wconf 77' lang='lat'><em>1³.</em></span> <span class='ocrx_word' id='word_1_62' title='bbox 292 817 407 879; x_wconf 83' lang='lat' dir='ltr'><em>tta...nt]</em></span> <span class='ocrx_word' id='word_1_63' title='bbox 423 818 449 867; x_wconf 93' lang='lat' dir='ltr'><em>in</em></span> <span class='ocrx_word' id='word_1_64' title='bbox 460 826 586 867; x_wconf 84' lang='lat' dir='ltr'><em>sentences</em></span> <span class='ocrx_word' id='word_1_65' title='bbox 597 817 732 867; x_wconf 88' lang='lat' dir='ltr'><em>restrictive</em></span> <span class='ocrx_word' id='word_1_66' title='bbox 743 816 772 866; x_wconf 83' lang='lat' dir='ltr'><em>of</em></span> <span class='ocrx_word' id='word_1_67' title='bbox 784 834 798 866; x_wconf 92' lang='lat' dir='ltr'><em>a</em></span> <span class='ocrx_word' id='word_1_68' title='bbox 808 819 943 882; x_wconf 84' lang='lat' dir='ltr'><em>preceding</em></span> <span class='ocrx_word' id='word_1_69' title='bbox 955 826 1086 868; x_wconf 81' lang='lat' dir='ltr'><em>statement</em></span> <span class='ocrx_word' id='word_1_70' title='bbox 1104 821 1179 883; x_wconf 87' lang='lat' dir='ltr'><em>‘only</em></span> 
     </span>
     <span class='ocr_line' id='line_1_9' title="bbox 137 881 1178 948; baseline 0 -17"><span class='ocrx_word' id='word_1_71' title='bbox 137 889 167 931; x_wconf 83' lang='lat' dir='ltr'><em>so&#39;</em></span> <span class='ocrx_word' id='word_1_72' title='bbox 182 882 218 931; x_wconf 85' lang='lat' dir='ltr'><em>lar</em></span> <span class='ocrx_word' id='word_1_73' title='bbox 229 881 273 940; x_wconf 87' lang='lat' dir='ltr'><em>as,’</em></span> <span class='ocrx_word' id='word_1_74' title='bbox 292 883 366 931; x_wconf 83' lang='lat' dir='ltr'><em>‘with</em></span> <span class='ocrx_word' id='word_1_75' title='bbox 380 885 422 932; x_wconf 89' lang='lat' dir='ltr'><em>the</em></span> <span class='ocrx_word' id='word_1_76' title='bbox 438 881 587 946; x_wconf 71' lang='lat' dir='ltr'><em>exception&#39;</em></span> <span class='ocrx_word' id='word_1_77' title='bbox 606 882 814 946; x_wconf 88' lang='lat' dir='ltr'><em>‘understanding</em></span> <span class='ocrx_word' id='word_1_78' title='bbox 824 881 899 942; x_wconf 81' lang='lat' dir='ltr'><em>that3&#39;</em></span> <span class='ocrx_word' id='word_1_79' title='bbox 912 885 940 930; x_wconf 91' lang='lat' dir='ltr'><em>P.</em></span> <span class='ocrx_word' id='word_1_80' title='bbox 957 884 983 933; x_wconf 78' lang='lat' dir='ltr'><em>S·</em></span> <span class='ocrx_word' id='word_1_81' title='bbox 996 884 1040 932; x_wconf 91' lang='lat' dir='ltr'><em>Gr.</em></span> <span class='ocrx_word' id='word_1_82' title='bbox 1052 901 1077 948; x_wconf 89' lang='lat' dir='ltr'><em>p.</em></span> <span class='ocrx_word' id='word_1_83' title='bbox 1094 899 1143 948; x_wconf 80' lang='lat'><strong>453</strong></span> <span class='ocrx_word' id='word_1_84' title='bbox 1154 899 1178 947; x_wconf 86' lang='lat'><strong>5,</strong></span> 
     </span>
     <span class='ocr_line' id='line_1_10' title="bbox 139 945 1031 1012; baseline 0.001 -16"><span class='ocrx_word' id='word_1_85' title='bbox 139 948 212 1011; x_wconf 77' lang='lat' dir='ltr'><em>Rolry</em></span> <span class='ocrx_word' id='word_1_86' title='bbox 223 948 267 997; x_wconf 82' lang='lat' dir='ltr'><em>Gr.</em></span> <span class='ocrx_word' id='word_1_87' title='bbox 281 959 302 995; x_wconf 91' lang='lat'><em>11</em></span> <span class='ocrx_word' id='word_1_88' title='bbox 317 960 387 1010; x_wconf 81' lang='lat'><em>1704,</em></span> <span class='ocrx_word' id='word_1_89' title='bbox 399 948 489 1012; x_wconf 90' lang='lat' dir='ltr'><em>Zumpt</em></span> <span class='ocrx_word' id='word_1_90' title='bbox 504 947 548 996; x_wconf 92' lang='lat' dir='ltr'><em>Gr.</em></span> <span class='ocrx_word' id='word_1_91' title='bbox 560 948 572 1005; x_wconf 87' lang='lat'><em>5</em></span> <span class='ocrx_word' id='word_1_92' title='bbox 585 945 639 1010; x_wconf 77' lang='lat'><strong>726.</strong></span> <span class='ocrx_word' id='word_1_93' title='bbox 675 947 723 1010; x_wconf 89' lang='lat' dir='ltr'><em>Cp.</em></span> <span class='ocrx_word' id='word_1_94' title='bbox 736 947 843 1006; x_wconf 86' lang='lat' dir='ltr'><em>ita-si,</em></span> <span class='ocrx_word' id='word_1_95' title='bbox 856 951 870 1006; x_wconf 99' lang='lat'><em>5</em></span> <span class='ocrx_word' id='word_1_96' title='bbox 883 949 921 1004; x_wconf 79' lang='lat'><em>28,</em></span> <span class='ocrx_word' id='word_1_97' title='bbox 934 951 980 1006; x_wconf 91' lang='lat'><strong>115</strong></span> <span class='ocrx_word' id='word_1_98' title='bbox 993 963 1031 1011; x_wconf 82' lang='lat'><em>33.</em></span> 
     </span>
    </p>
   </div>
   <div class='ocr_carea' id='block_1_5' title="bbox 132 1023 1229 1815">
    <p class='ocr_par' dir='ltr' id='par_1_5' title="bbox 132 1023 1179 1413">
     <span class='ocr_line' id='line_1_11' title="bbox 184 1023 1179 1090; baseline 0.001 -15"><span class='ocrx_word' id='word_1_99' title='bbox 184 1031 203 1075; x_wconf 93' lang='lat'><em>1.</em></span> <span class='ocrx_word' id='word_1_100' title='bbox 217 1032 254 1076; x_wconf 73' lang='grc'>11.</span> <span class='ocrx_word' id='word_1_101' title='bbox 290 1027 427 1087; x_wconf 73' lang='lat' dir='ltr'><em>severitas]</em></span> <span class='ocrx_word' id='word_1_102' title='bbox 442 1024 596 1085; x_wconf 86' lang='lat' dir='ltr'><em>‘stemness,’</em></span> <span class='ocrx_word' id='word_1_103' title='bbox 610 1023 809 1090; x_wconf 87' lang='lat' dir='ltr'><em>‘strictness,’cp.</em></span> <span class='ocrx_word' id='word_1_104' title='bbox 823 1041 868 1089; x_wconf 91' lang='lat' dir='ltr'><em>pro</em></span> <span class='ocrx_word' id='word_1_105' title='bbox 879 1026 949 1075; x_wconf 90' lang='lat' dir='ltr'><em>Sulla</em></span> <span class='ocrx_word' id='word_1_106' title='bbox 961 1027 974 1085; x_wconf 87' lang='lat'><em>5</em></span> <span class='ocrx_word' id='word_1_107' title='bbox 988 1028 1087 1076; x_wconf 84' lang='lat' dir='ltr'><em>8&#39;e&#39;stam</em></span> <span class='ocrx_word' id='word_1_108' title='bbox 1099 1027 1179 1090; x_wconf 86' lang='lat' dir='ltr'><em>ipsane</em></span> 
     </span>
     <span class='ocr_line' id='line_1_12' title="bbox 132 1091 1176 1156; baseline -0.002 -16"><span class='ocrx_word' id='word_1_109' title='bbox 132 1099 264 1156; x_wconf 83' lang='lat' dir='ltr'><em>personam</em></span> <span class='ocrx_word' id='word_1_110' title='bbox 281 1092 441 1140; x_wconf 83' lang='lat' dir='ltr'><em>vehementem</em></span> <span class='ocrx_word' id='word_1_111' title='bbox 455 1098 479 1140; x_wconf 88' lang='lat' dir='ltr'><em>et</em></span> <span class='ocrx_word' id='word_1_112' title='bbox 489 1107 577 1144; x_wconf 85' lang='lat' dir='ltr'><em>acrem,</em></span> <span class='ocrx_word' id='word_1_113' title='bbox 589 1107 664 1155; x_wconf 90' lang='lat' dir='ltr'><em>quarn</em></span> <span class='ocrx_word' id='word_1_114' title='bbox 681 1091 747 1139; x_wconf 80' lang='lat' dir='ltr'><em>milti</em></span> <span class='ocrx_word' id='word_1_115' title='bbox 760 1097 814 1138; x_wconf 92' lang='lat' dir='ltr'><em>tum</em></span> <span class='ocrx_word' id='word_1_116' title='bbox 829 1098 923 1153; x_wconf 87' lang='lat' dir='ltr'><em>tempus</em></span> <span class='ocrx_word' id='word_1_117' title='bbox 936 1097 960 1139; x_wconf 90' lang='lat' dir='ltr'><em>et</em></span> <span class='ocrx_word' id='word_1_118' title='bbox 973 1099 1032 1154; x_wconf 84' lang='lat' dir='ltr'><em>resp.</em></span> <span class='ocrx_word' id='word_1_119' title='bbox 1053 1093 1176 1155; x_wconf 85' lang='lat' dir='ltr'><em>imposuit,</em></span> 
     </span>
     <span class='ocr_line' id='line_1_13' title="bbox 138 1156 1179 1219; baseline 0 -15"><span class='ocrx_word' id='word_1_120' title='bbox 138 1173 189 1204; x_wconf 87' lang='lat' dir='ltr'><em>ram</em></span> <span class='ocrx_word' id='word_1_121' title='bbox 205 1158 320 1205; x_wconf 83' lang='lat' dir='ltr'><em>voluntas</em></span> <span class='ocrx_word' id='word_1_122' title='bbox 334 1163 358 1204; x_wconf 91' lang='lat' dir='ltr'><em>et</em></span> <span class='ocrx_word' id='word_1_123' title='bbox 373 1164 467 1204; x_wconf 90' lang='lat' dir='ltr'><em>natura</em></span> <span class='ocrx_word' id='word_1_124' title='bbox 483 1157 536 1219; x_wconf 88' lang='lat' dir='ltr'><em>ipsa</em></span> <span class='ocrx_word' id='word_1_125' title='bbox 551 1157 673 1204; x_wconf 75' lang='lat' dir='ltr'><em>detraxit:</em></span> <span class='ocrx_word' id='word_1_126' title='bbox 690 1157 736 1203; x_wconf 91' lang='lat' dir='ltr'><em>illa</em></span> <span class='ocrx_word' id='word_1_127' title='bbox 750 1156 817 1203; x_wconf 87' lang='lat' dir='ltr'><em>enirn</em></span> <span class='ocrx_word' id='word_1_128' title='bbox 833 1156 869 1202; x_wconf 91' lang='lat' dir='ltr'><em>ad</em></span> <span class='ocrx_word' id='word_1_129' title='bbox 883 1156 951 1203; x_wconf 82' lang='lat' dir='ltr'><em>breve</em></span> <span class='ocrx_word' id='word_1_130' title='bbox 966 1163 1059 1218; x_wconf 89' lang='lat' dir='ltr'><em>tempus</em></span> <span class='ocrx_word' id='word_1_131' title='bbox 1073 1157 1179 1204; x_wconf 81' lang='lat' dir='ltr'><em>severi·</em></span> 
     </span>
     <span class='ocr_line' id='line_1_14' title="bbox 138 1220 1178 1284; baseline 0.001 -16"><span class='ocrx_word' id='word_1_132' title='bbox 138 1228 224 1270; x_wconf 90' lang='lat' dir='ltr'><em>tatem</em></span> <span class='ocrx_word' id='word_1_133' title='bbox 236 1221 380 1284; x_wconf 86' lang='lat' dir='ltr'><em>postulavit,</em></span> <span class='ocrx_word' id='word_1_134' title='bbox 394 1222 451 1269; x_wconf 82' lang='lat' dir='ltr'><em>haec</em></span> <span class='ocrx_word' id='word_1_135' title='bbox 464 1221 492 1268; x_wconf 91' lang='lat' dir='ltr'><em>in</em></span> <span class='ocrx_word' id='word_1_136' title='bbox 508 1221 579 1270; x_wconf 89' lang='lat' dir='ltr'><em>omni</em></span> <span class='ocrx_word' id='word_1_137' title='bbox 589 1222 643 1268; x_wconf 85' lang='lat' dir='ltr'><em>vita</em></span> <span class='ocrx_word' id='word_1_138' title='bbox 658 1220 849 1268; x_wconf 67' lang='lat' dir='ltr'><em>mesericordiam</em></span> <span class='ocrx_word' id='word_1_139' title='bbox 866 1220 1037 1284; x_wconf 87' lang='lat' dir='ltr'><em>lenitatemque</em></span> <span class='ocrx_word' id='word_1_140' title='bbox 1050 1221 1178 1277; x_wconf 85' lang='lat' dir='ltr'><em>desiderat,</em></span> 
     </span>
     <span class='ocr_line' id='line_1_15' title="bbox 139 1283 1179 1349; baseline 0.001 -16"><span class='ocrx_word' id='word_1_141' title='bbox 139 1286 194 1333; x_wconf 89' lang='lat' dir='ltr'><em>Cat.</em></span> <span class='ocrx_word' id='word_1_142' title='bbox 211 1297 239 1333; x_wconf 87' lang='lat' dir='ltr'><em>tv</em></span> <span class='ocrx_word' id='word_1_143' title='bbox 255 1287 268 1344; x_wconf 93' lang='lat'><em>5</em></span> <span class='ocrx_word' id='word_1_144' title='bbox 286 1301 322 1342; x_wconf 88' lang='grc' dir='ltr'><em>ιι,</em></span> <span class='ocrx_word' id='word_1_145' title='bbox 336 1301 381 1349; x_wconf 90' lang='lat' dir='ltr'><em>pro</em></span> <span class='ocrx_word' id='word_1_146' title='bbox 393 1286 458 1333; x_wconf 90' lang='lat' dir='ltr'><em>Mur.</em></span> <span class='ocrx_word' id='word_1_147' title='bbox 470 1283 509 1344; x_wconf 91' lang='lat'><em>56</em></span> <span class='ocrx_word' id='word_1_148' title='bbox 525 1285 596 1333; x_wconf 87' lang='lat' dir='ltr'><em>illam</em></span> <span class='ocrx_word' id='word_1_149' title='bbox 603 1285 739 1348; x_wconf 85' lang='lat' dir='ltr'><em>gravitatis</em></span> <span class='ocrx_word' id='word_1_150' title='bbox 752 1284 982 1348; x_wconf 85' lang='lat' dir='ltr'><em>severitatisque</em></span> <span class='ocrx_word' id='word_1_151' title='bbox 986 1292 1118 1348; x_wconf 88' lang='lat' dir='ltr'><em>personam</em></span> <span class='ocrx_word' id='word_1_152' title='bbox 1129 1301 1179 1334; x_wconf 88' lang='lat' dir='ltr'><em>nou</em></span> 
     </span>
     <span class='ocr_line' id='line_1_16' title="bbox 137 1349 752 1413; baseline 0.002 -16"><span class='ocrx_word' id='word_1_153' title='bbox 137 1350 246 1413; x_wconf 81' lang='lat' dir='ltr'><em>adpetivi</em></span> <span class='ocrx_word' id='word_1_154' title='bbox 255 1351 298 1398; x_wconf 89' lang='lat' dir='ltr'><em>sed</em></span> <span class='ocrx_word' id='word_1_155' title='bbox 305 1350 335 1397; x_wconf 86' lang='lat' dir='ltr'><em>ab</em></span> <span class='ocrx_word' id='word_1_156' title='bbox 346 1356 395 1413; x_wconf 85' lang='lat' dir='ltr'><em>rep.</em></span> <span class='ocrx_word' id='word_1_157' title='bbox 408 1350 475 1397; x_wconf 81' lang='lat' dir='ltr'><em>neiki</em></span> <span class='ocrx_word' id='word_1_158' title='bbox 485 1350 623 1412; x_wconf 87' lang='lat' dir='ltr'><em>impositam</em></span> <span class='ocrx_word' id='word_1_159' title='bbox 633 1349 752 1398; x_wconf 86' lang='lat' dir='ltr'><em>sustinui.</em></span> 
     </span>
    </p>

    <p class='ocr_par' dir='ltr' id='par_1_6' title="bbox 137 1428 1229 1815">
     <span class='ocr_line' id='line_1_17' title="bbox 184 1428 1179 1493; baseline 0.002 -16"><span class='ocrx_word' id='word_1_160' title='bbox 184 1432 202 1477; x_wconf 89' lang='lat' dir='ltr'><em>l.</em></span> <span class='ocrx_word' id='word_1_161' title='bbox 222 1435 260 1477; x_wconf 76' lang='lat'><em>16.</em></span> <span class='ocrx_word' id='word_1_162' title='bbox 293 1429 562 1488; x_wconf 62' lang='lat' dir='ltr'><em>animadversionem]</em></span> <span class='ocrx_word' id='word_1_163' title='bbox 581 1431 667 1492; x_wconf 85' lang='lat' dir='ltr'><em>‘every</em></span> <span class='ocrx_word' id='word_1_164' title='bbox 683 1428 745 1477; x_wconf 87' lang='lat' dir='ltr'><em>kind</em></span> <span class='ocrx_word' id='word_1_165' title='bbox 762 1428 791 1478; x_wconf 85' lang='lat' dir='ltr'><em>ol</em></span> <span class='ocrx_word' id='word_1_166' title='bbox 803 1429 959 1493; x_wconf 86' lang='lat' dir='ltr'><em>punishment</em></span> <span class='ocrx_word' id='word_1_167' title='bbox 976 1430 1025 1478; x_wconf 87' lang='lat' dir='ltr'><em>and</em></span> <span class='ocrx_word' id='word_1_168' title='bbox 1043 1429 1179 1480; x_wconf 89' lang='lat' dir='ltr'><em>correction</em></span> 
     </span>
     <span class='ocr_line' id='line_1_18' title="bbox 138 1491 1180 1559; baseline 0.002 -17"><span class='ocrx_word' id='word_1_169' title='bbox 138 1495 215 1557; x_wconf 85' lang='lat' dir='ltr'><em>ought</em></span> <span class='ocrx_word' id='word_1_170' title='bbox 232 1504 258 1542; x_wconf 90' lang='lat' dir='ltr'><em>to</em></span> <span class='ocrx_word' id='word_1_171' title='bbox 274 1495 306 1542; x_wconf 93' lang='lat' dir='ltr'><em>be</em></span> <span class='ocrx_word' id='word_1_172' title='bbox 322 1494 372 1542; x_wconf 82' lang='lat' dir='ltr'><em>free</em></span> <span class='ocrx_word' id='word_1_173' title='bbox 388 1493 450 1542; x_wconf 85' lang='lat' dir='ltr'><em>from</em></span> <span class='ocrx_word' id='word_1_174' title='bbox 463 1509 495 1541; x_wconf 86' lang='lat' dir='ltr'><em>an</em></span> <span class='ocrx_word' id='word_1_175' title='bbox 512 1493 629 1556; x_wconf 88' lang='lat' dir='ltr'><em>insulting</em></span> <span class='ocrx_word' id='word_1_176' title='bbox 646 1491 719 1542; x_wconf 70' lang='lat' dir='ltr'><em>tone.⁵</em></span> <span class='ocrx_word' id='word_1_177' title='bbox 755 1495 895 1557; x_wconf 77' lang='lat' dir='ltr'><em>Castigatio,</em></span> <span class='ocrx_word' id='word_1_178' title='bbox 909 1510 936 1543; x_wconf 90' lang='lat' dir='ltr'><em>as</em></span> <span class='ocrx_word' id='word_1_179' title='bbox 947 1495 966 1542; x_wconf 90' lang='lat' dir='ltr'><em>it</em></span> <span class='ocrx_word' id='word_1_180' title='bbox 981 1496 1142 1559; x_wconf 89' lang='lat' dir='ltr'><em>corresponds</em></span> <span class='ocrx_word' id='word_1_181' title='bbox 1153 1505 1180 1544; x_wconf 92' lang='lat' dir='ltr'><em>to</em></span> 
     </span>
     <span class='ocr_line' id='line_1_19' title="bbox 137 1555 1179 1623; baseline 0.002 -17"><span class='ocrx_word' id='word_1_182' title='bbox 137 1559 216 1607; x_wconf 82' lang='lat' dir='ltr'><em>verbis</em></span> <span class='ocrx_word' id='word_1_183' title='bbox 237 1559 339 1621; x_wconf 78' lang='lat' dir='ltr'><em>castigat</em></span> <span class='ocrx_word' id='word_1_184' title='bbox 358 1558 525 1620; x_wconf 86' lang='lat' dir='ltr'><em>immediately</em></span> <span class='ocrx_word' id='word_1_185' title='bbox 547 1557 681 1620; x_wconf 82' lang='lat' dir='ltr'><em>following,</em></span> <span class='ocrx_word' id='word_1_186' title='bbox 701 1558 822 1621; x_wconf 85' lang='lat' dir='ltr'><em>probably</em></span> <span class='ocrx_word' id='word_1_187' title='bbox 839 1574 924 1607; x_wconf 88' lang='lat' dir='ltr'><em>means</em></span> <span class='ocrx_word' id='word_1_188' title='bbox 944 1560 1042 1608; x_wconf 88' lang='lat' dir='ltr'><em>‘verbal</em></span> <span class='ocrx_word' id='word_1_189' title='bbox 1063 1555 1179 1623; x_wconf 66' lang='lat' dir='ltr'><em>reprooss’</em></span> 
     </span>
     <span class='ocr_line' id='line_1_20' title="bbox 139 1622 1176 1686; baseline 0.004 -16"><span class='ocrx_word' id='word_1_190' title='bbox 139 1623 313 1686; x_wconf 89' lang='lat' dir='ltr'><em>‘reprimand,&#39;</em></span> <span class='ocrx_word' id='word_1_191' title='bbox 330 1622 424 1686; x_wconf 88' lang='lat' dir='ltr'><em>though</em></span> <span class='ocrx_word' id='word_1_192' title='bbox 440 1623 458 1670; x_wconf 92' lang='lat' dir='ltr'><em>it</em></span> <span class='ocrx_word' id='word_1_193' title='bbox 476 1623 497 1670; x_wconf 91' lang='lat' dir='ltr'><em>is</em></span> <span class='ocrx_word' id='word_1_194' title='bbox 513 1622 612 1686; x_wconf 86' lang='lat' dir='ltr'><em>applied</em></span> <span class='ocrx_word' id='word_1_195' title='bbox 629 1622 681 1670; x_wconf 92' lang='lat' dir='ltr'><em>also</em></span> <span class='ocrx_word' id='word_1_196' title='bbox 698 1631 724 1670; x_wconf 87' lang='lat' dir='ltr'><em>to</em></span> <span class='ocrx_word' id='word_1_197' title='bbox 740 1624 852 1686; x_wconf 89' lang='lat' dir='ltr'><em>corporal</em></span> <span class='ocrx_word' id='word_1_198' title='bbox 874 1623 1039 1686; x_wconf 81' lang='lat' dir='ltr'><em>punishment,</em></span> <span class='ocrx_word' id='word_1_199' title='bbox 1060 1641 1087 1673; x_wconf 87' lang='lat' dir='ltr'><em>as</em></span> <span class='ocrx_word' id='word_1_200' title='bbox 1103 1626 1176 1675; x_wconf 84' lang='lat' dir='ltr'><em>Tusc,</em></span> 
     </span>
     <span class='ocr_line' id='line_1_21' title="bbox 139 1686 1181 1751; baseline 0.003 -16"><span class='ocrx_word' id='word_1_201' title='bbox 139 1699 172 1735; x_wconf 90' lang='lat'><em>111</em></span> <span class='ocrx_word' id='word_1_202' title='bbox 184 1690 197 1746; x_wconf 87' lang='lat'><em>5</em></span> <span class='ocrx_word' id='word_1_203' title='bbox 208 1687 239 1748; x_wconf 88' lang='lat'><em>64</em></span> <span class='ocrx_word' id='word_1_204' title='bbox 256 1687 348 1751; x_wconf 90' lang='lat' dir='ltr'><em>quoted</em></span> <span class='ocrx_word' id='word_1_205' title='bbox 364 1688 443 1735; x_wconf 86' lang='lat' dir='ltr'><em>above</em></span> <span class='ocrx_word' id='word_1_206' title='bbox 454 1688 467 1745; x_wconf 90' lang='lat'><em>5</em></span> <span class='ocrx_word' id='word_1_207' title='bbox 478 1688 509 1735; x_wconf 88' lang='lat'><em>80</em></span> <span class='ocrx_word' id='word_1_208' title='bbox 520 1686 536 1736; x_wconf 92' lang='lat' dir='ltr'><em>l.</em></span> <span class='ocrx_word' id='word_1_209' title='bbox 555 1688 591 1734; x_wconf 85' lang='grc'>18.</span> <span class='ocrx_word' id='word_1_210' title='bbox 625 1686 673 1750; x_wconf 87' lang='lat' dir='ltr'><em>Cp.</em></span> <span class='ocrx_word' id='word_1_211' title='bbox 688 1689 701 1746; x_wconf 88' lang='lat'><em>5</em></span> <span class='ocrx_word' id='word_1_212' title='bbox 719 1700 762 1750; x_wconf 80' lang='grc'>137</span> <span class='ocrx_word' id='word_1_213' title='bbox 780 1687 796 1736; x_wconf 92' lang='lat' dir='ltr'><em>l.</em></span> <span class='ocrx_word' id='word_1_214' title='bbox 812 1700 843 1748; x_wconf 81' lang='grc'>13</span> <span class='ocrx_word' id='word_1_215' title='bbox 859 1694 890 1735; x_wconf 91' lang='lat' dir='ltr'><em>ut</em></span> <span class='ocrx_word' id='word_1_216' title='bbox 903 1689 1018 1736; x_wconf 83' lang='lat' dir='ltr'><em>severitas</em></span> <span class='ocrx_word' id='word_1_217' title='bbox 1034 1689 1181 1738; x_wconf 79' lang='lat' dir='ltr'><em>adhibeatur</em></span> 
     </span>
     <span class='ocr_line' id='line_1_22' title="bbox 137 1752 1229 1815; baseline -0.001 -14"><span class='ocrx_word' id='word_1_218' title='bbox 137 1759 163 1801; x_wconf 92' lang='lat' dir='ltr'><em>et</em></span> <span class='ocrx_word' id='word_1_219' title='bbox 173 1752 355 1801; x_wconf 89' lang='lat' dir='ltr'><em>contumelia</em></span> <span class='ocrx_word' id='word_1_220' title='bbox 366 1752 505 1815; x_wconf 89' lang='lat' dir='ltr'><em>repellatur.</em></span> <span class='ocrx_word' id='word_1_221' title='bbox 1227 1782 1229 1785; x_wconf 81' lang='lat'><em>.</em></span> 
     </span>
    </p>
   </div>
   <div class='ocr_carea' id='block_1_6' title="bbox 133 1831 1216 2622">
    <p class='ocr_par' dir='ltr' id='par_1_7' title="bbox 133 1831 1216 2477">
     <span class='ocr_line' id='line_1_23' title="bbox 185 1831 1179 1895; baseline 0.004 -16"><span class='ocrx_word' id='word_1_222' title='bbox 185 1834 204 1879; x_wconf 88' lang='lat'><em>1.</em></span> <span class='ocrx_word' id='word_1_223' title='bbox 222 1838 260 1882; x_wconf 80' lang='grc'>11.</span> <span class='ocrx_word' id='word_1_224' title='bbox 292 1831 413 1892; x_wconf 73' lang='lat' dir='ltr'><em>pumina]</em></span> <span class='ocrx_word' id='word_1_225' title='bbox 428 1831 475 1895; x_wconf 85' lang='lat' dir='ltr'><em>iq.</em></span> <span class='ocrx_word' id='word_1_226' title='bbox 489 1831 581 1895; x_wconf 89' lang='lat' dir='ltr'><em>punit.</em></span> <span class='ocrx_word' id='word_1_227' title='bbox 618 1831 672 1880; x_wconf 93' lang='lat' dir='ltr'><em>The</em></span> <span class='ocrx_word' id='word_1_228' title='bbox 686 1833 811 1895; x_wconf 88' lang='lat' dir='ltr'><em>deponent</em></span> <span class='ocrx_word' id='word_1_229' title='bbox 821 1832 884 1880; x_wconf 85' lang='lat' dir='ltr'><em>form</em></span> <span class='ocrx_word' id='word_1_230' title='bbox 898 1832 918 1882; x_wconf 92' lang='lat' dir='ltr'><em>is</em></span> <span class='ocrx_word' id='word_1_231' title='bbox 931 1833 979 1882; x_wconf 87' lang='lat' dir='ltr'><em>less</em></span> <span class='ocrx_word' id='word_1_232' title='bbox 991 1850 1105 1884; x_wconf 89' lang='lat' dir='ltr'><em>common</em></span> <span class='ocrx_word' id='word_1_233' title='bbox 1119 1834 1179 1884; x_wconf 88' lang='lat' dir='ltr'><em>than</em></span> 
     </span>
     <span class='ocr_line' id='line_1_24' title="bbox 138 1896 1176 1962; baseline 0.002 -17"><span class='ocrx_word' id='word_1_234' title='bbox 138 1896 180 1945; x_wconf 84' lang='lat' dir='ltr'><em>the</em></span> <span class='ocrx_word' id='word_1_235' title='bbox 194 1897 281 1956; x_wconf 82' lang='lat' dir='ltr'><em>active,</em></span> <span class='ocrx_word' id='word_1_236' title='bbox 295 1898 315 1944; x_wconf 89' lang='lat' dir='ltr'><em>it</em></span> <span class='ocrx_word' id='word_1_237' title='bbox 331 1912 416 1945; x_wconf 89' lang='lat' dir='ltr'><em>occurs</em></span> <span class='ocrx_word' id='word_1_238' title='bbox 430 1912 475 1961; x_wconf 90' lang='lat' dir='ltr'><em>pro</em></span> <span class='ocrx_word' id='word_1_239' title='bbox 492 1896 547 1944; x_wconf 87' lang='lat' dir='ltr'><em>Mil.</em></span> <span class='ocrx_word' id='word_1_240' title='bbox 562 1897 574 1954; x_wconf 89' lang='lat'><strong>5</strong></span> <span class='ocrx_word' id='word_1_241' title='bbox 592 1910 621 1959; x_wconf 83' lang='lat'><em>33</em></span> <span class='ocrx_word' id='word_1_242' title='bbox 637 1897 720 1960; x_wconf 83' lang='lat' dir='ltr'><em>quid?</em></span> <span class='ocrx_word' id='word_1_243' title='bbox 736 1903 764 1944; x_wconf 93' lang='lat' dir='ltr'><em>tu</em></span> <span class='ocrx_word' id='word_1_244' title='bbox 780 1913 817 1946; x_wconf 87' lang='lat' dir='ltr'><em>rae</em></span> <span class='ocrx_word' id='word_1_245' title='bbox 832 1898 934 1956; x_wconf 88' lang='lat' dir='ltr'><em>iratum,</em></span> <span class='ocrx_word' id='word_1_246' title='bbox 948 1900 1025 1958; x_wconf 86' lang='lat' dir='ltr'><em>Sexte,</em></span> <span class='ocrx_word' id='word_1_247' title='bbox 1035 1907 1112 1962; x_wconf 82' lang='lat' dir='ltr'><em>putas</em></span> <span class='ocrx_word' id='word_1_248' title='bbox 1123 1900 1176 1958; x_wconf 84' lang='lat' dir='ltr'><em>tibi,</em></span> 
     </span>
     <span class='ocr_line' id='line_1_25' title="bbox 137 1960 1180 2027; baseline 0.003 -19"><span class='ocrx_word' id='word_1_249' title='bbox 137 1961 209 2009; x_wconf 86' lang='lat' dir='ltr'><em>cuius</em></span> <span class='ocrx_word' id='word_1_250' title='bbox 227 1968 258 2008; x_wconf 88' lang='lat' dir='ltr'><em>tu</em></span> <span class='ocrx_word' id='word_1_251' title='bbox 280 1961 481 2009; x_wconf 75' lang='lat' dir='ltr'><em>inimicissimum</em></span> <span class='ocrx_word' id='word_1_252' title='bbox 505 1962 581 2008; x_wconf 89' lang='lat' dir='ltr'><em>multo</em></span> <span class='ocrx_word' id='word_1_253' title='bbox 602 1960 725 2009; x_wconf 89' lang='lat' dir='ltr'><em>crudelius</em></span> <span class='ocrx_word' id='word_1_254' title='bbox 745 1962 820 2009; x_wconf 82' lang='lat' dir='ltr'><em>etiarn</em></span> <span class='ocrx_word' id='word_1_255' title='bbox 834 1962 965 2024; x_wconf 89' lang='lat' dir='ltr'><em>punitus</em></span> <span class='ocrx_word' id='word_1_256' title='bbox 986 1979 1010 2012; x_wconf 92' lang='lat' dir='ltr'><em>es</em></span> <span class='ocrx_word' id='word_1_257' title='bbox 1030 1980 1106 2027; x_wconf 80' lang='lat' dir='ltr'><em>quam</em></span> <span class='ocrx_word' id='word_1_258' title='bbox 1126 1971 1180 2013; x_wconf 89' lang='lat' dir='ltr'><em>erat</em></span> 
     </span>
     <span class='ocr_line' id='line_1_26' title="bbox 137 2025 1180 2088; baseline 0.004 -15"><span class='ocrx_word' id='word_1_259' title='bbox 137 2027 304 2073; x_wconf 80' lang='lat' dir='ltr'><em>humanitatis</em></span> <span class='ocrx_word' id='word_1_260' title='bbox 320 2041 385 2074; x_wconf 90' lang='lat' dir='ltr'><em>meae</em></span> <span class='ocrx_word' id='word_1_261' title='bbox 396 2026 530 2088; x_wconf 87' lang='lat' dir='ltr'><em>postulare,</em></span> <span class='ocrx_word' id='word_1_262' title='bbox 547 2025 622 2073; x_wconf 86' lang='lat' dir='ltr'><em>Tusc.</em></span> <span class='ocrx_word' id='word_1_263' title='bbox 642 2041 652 2073; x_wconf 89' lang='lat'>1</span> <span class='ocrx_word' id='word_1_264' title='bbox 669 2027 682 2084; x_wconf 97' lang='lat'><em>5</em></span> <span class='ocrx_word' id='word_1_265' title='bbox 702 2039 745 2088; x_wconf 85' lang='lat'><em>107</em></span> <span class='ocrx_word' id='word_1_266' title='bbox 764 2027 840 2074; x_wconf 87' lang='lat' dir='ltr'><em>multi</em></span> <span class='ocrx_word' id='word_1_267' title='bbox 854 2026 967 2074; x_wconf 88' lang='lat' dir='ltr'><em>inimicos</em></span> <span class='ocrx_word' id='word_1_268' title='bbox 981 2028 1055 2075; x_wconf 90' lang='lat' dir='ltr'><em>etiam</em></span> <span class='ocrx_word' id='word_1_269' title='bbox 1073 2035 1180 2077; x_wconf 88' lang='lat' dir='ltr'><em>mortuos</em></span> 
     </span>
     <span class='ocr_line' id='line_1_27' title="bbox 135 2090 1216 2154; baseline 0.002 -16"><span class='ocrx_word' id='word_1_270' title='bbox 135 2091 333 2153; x_wconf 88' lang='lat' dir='ltr'><em>poeniuntur,</em></span> <span class='ocrx_word' id='word_1_271' title='bbox 351 2090 414 2137; x_wconf 91' lang='lat' dir='ltr'><em>Phil.</em></span> <span class='ocrx_word' id='word_1_272' title='bbox 432 2101 485 2137; x_wconf 79' lang='lat' dir='ltr'><em>vin</em></span> <span class='ocrx_word' id='word_1_273' title='bbox 504 2107 518 2152; x_wconf 92' lang='grc'>3</span> <span class='ocrx_word' id='word_1_274' title='bbox 536 2096 566 2137; x_wconf 91' lang='lat' dir='ltr'><em>ut</em></span> <span class='ocrx_word' id='word_1_275' title='bbox 575 2090 754 2152; x_wconf 87' lang='lat' dir='ltr'><em>poenirctur</em></span> <span class='ocrx_word' id='word_1_276' title='bbox 768 2106 855 2147; x_wconf 90' lang='lat' dir='ltr'><em>necem,</em></span> <span class='ocrx_word' id='word_1_277' title='bbox 867 2091 922 2139; x_wconf 93' lang='lat' dir='ltr'><em>lnv.</em></span> <span class='ocrx_word' id='word_1_278' title='bbox 943 2101 964 2138; x_wconf 91' lang='lat'><em>11</em></span> <span class='ocrx_word' id='word_1_279' title='bbox 982 2093 995 2150; x_wconf 88' lang='lat'><strong>5</strong></span> <span class='ocrx_word' id='word_1_280' title='bbox 1011 2093 1043 2140; x_wconf 85' lang='lat'><em>80</em></span> <span class='ocrx_word' id='word_1_281' title='bbox 1053 2099 1179 2154; x_wconf 87' lang='lat' dir='ltr'><em>peccatum</em></span> <span class='ocrx_word' id='word_1_282' title='bbox 1214 2117 1216 2120; x_wconf 57' lang='lat'>&gt;</span> 
     </span>
     <span class='ocr_line' id='line_1_28' title="bbox 133 2154 1179 2219; baseline 0.001 -18"><span class='ocrx_word' id='word_1_283' title='bbox 133 2155 205 2218; x_wconf 18' lang='lat' dir='ltr'><em>,qreod</em></span> <span class='ocrx_word' id='word_1_284' title='bbox 212 2161 294 2217; x_wconf 90' lang='lat' dir='ltr'><em>sponte</em></span> <span class='ocrx_word' id='word_1_285' title='bbox 303 2170 350 2202; x_wconf 88' lang='lat' dir='ltr'><em>sua</em></span> <span class='ocrx_word' id='word_1_286' title='bbox 361 2171 417 2202; x_wconf 89' lang='lat' dir='ltr'><em>reus</em></span> <span class='ocrx_word' id='word_1_287' title='bbox 423 2155 514 2217; x_wconf 88' lang='lat' dir='ltr'><em>poeni</em></span> <span class='ocrx_word' id='word_1_288' title='bbox 518 2161 566 2201; x_wconf 90' lang='lat' dir='ltr'><em>tus</em></span> <span class='ocrx_word' id='word_1_289' title='bbox 577 2155 618 2201; x_wconf 88' lang='lat' dir='ltr'><em>sit.</em></span> <span class='ocrx_word' id='word_1_290' title='bbox 647 2154 694 2203; x_wconf 89' lang='lat' dir='ltr'><em>See</em></span> <span class='ocrx_word' id='word_1_291' title='bbox 706 2169 730 2202; x_wconf 92' lang='lat' dir='ltr'><em>n.</em></span> <span class='ocrx_word' id='word_1_292' title='bbox 742 2161 769 2203; x_wconf 91' lang='lat' dir='ltr'><em>to</em></span> <span class='ocrx_word' id='word_1_293' title='bbox 780 2156 793 2213; x_wconf 87' lang='lat'><strong>5</strong></span> <span class='ocrx_word' id='word_1_294' title='bbox 805 2167 843 2214; x_wconf 76' lang='lat'><em>27,</em></span> <span class='ocrx_word' id='word_1_295' title='bbox 857 2155 874 2202; x_wconf 95' lang='lat' dir='ltr'><em>l.</em></span> <span class='ocrx_word' id='word_1_296' title='bbox 887 2168 926 2213; x_wconf 80' lang='lat' dir='ltr'><em>aa,</em></span> <span class='ocrx_word' id='word_1_297' title='bbox 941 2155 1029 2219; x_wconf 87' lang='lat' dir='ltr'><em>Zumpt</em></span> <span class='ocrx_word' id='word_1_298' title='bbox 1041 2156 1085 2205; x_wconf 90' lang='lat' dir='ltr'><em>Gr.</em></span> <span class='ocrx_word' id='word_1_299' title='bbox 1097 2158 1110 2215; x_wconf 91' lang='lat'><strong>5</strong></span> <span class='ocrx_word' id='word_1_300' title='bbox 1123 2154 1179 2205; x_wconf 76' lang='lat'><em>206.</em></span> 
     </span>
     <span class='ocr_line' id='line_1_29' title="bbox 133 2218 1177 2282; baseline 0.001 -15"><span class='ocrx_word' id='word_1_301' title='bbox 133 2219 227 2282; x_wconf 74' lang='lat' dir='ltr'><em>Zumpt</em></span> <span class='ocrx_word' id='word_1_302' title='bbox 242 2219 304 2268; x_wconf 84' lang='lat' dir='ltr'><em>aiter</em></span> <span class='ocrx_word' id='word_1_303' title='bbox 321 2218 389 2267; x_wconf 88' lang='lat' dir='ltr'><em>Bake</em></span> <span class='ocrx_word' id='word_1_304' title='bbox 406 2219 515 2267; x_wconf 86' lang='lat' dir='ltr'><em>remarks</em></span> <span class='ocrx_word' id='word_1_305' title='bbox 527 2234 558 2267; x_wconf 91' lang='lat' dir='ltr'><em>on</em></span> <span class='ocrx_word' id='word_1_306' title='bbox 571 2218 619 2267; x_wconf 92' lang='lat' dir='ltr'><em>this</em></span> <span class='ocrx_word' id='word_1_307' title='bbox 630 2234 732 2282; x_wconf 88' lang='lat' dir='ltr'><em>passage</em></span> <span class='ocrx_word' id='word_1_308' title='bbox 746 2219 869 2282; x_wconf 87' lang='lat' dir='ltr'><em>‘Zeugma</em></span> <span class='ocrx_word' id='word_1_309' title='bbox 885 2218 996 2282; x_wconf 85' lang='lat' dir='ltr'><em>figuram,</em></span> <span class='ocrx_word' id='word_1_310' title='bbox 1010 2220 1031 2267; x_wconf 89' lang='lat' dir='ltr'><em>si</em></span> <span class='ocrx_word' id='word_1_311' title='bbox 1042 2221 1177 2268; x_wconf 86' lang='lat' dir='ltr'><em>accuratius</em></span> 
     </span>
     <span class='ocr_line' id='line_1_30' title="bbox 133 2282 1175 2347; baseline 0.001 -15"><span class='ocrx_word' id='word_1_312' title='bbox 133 2282 258 2347; x_wconf 85' lang='lat' dir='ltr'><em>cogitaris,</em></span> <span class='ocrx_word' id='word_1_313' title='bbox 283 2283 401 2332; x_wconf 87' lang='lat' dir='ltr'><em>invenies.</em></span> <span class='ocrx_word' id='word_1_314' title='bbox 435 2283 525 2346; x_wconf 90' lang='lat' dir='ltr'><em>Neque</em></span> <span class='ocrx_word' id='word_1_315' title='bbox 547 2283 612 2331; x_wconf 88' lang='lat' dir='ltr'><em>enim</em></span> <span class='ocrx_word' id='word_1_316' title='bbox 637 2284 669 2331; x_wconf 91' lang='lat' dir='ltr'><em>de</em></span> <span class='ocrx_word' id='word_1_317' title='bbox 691 2283 796 2331; x_wconf 88' lang='lat' dir='ltr'><em>utilitate</em></span> <span class='ocrx_word' id='word_1_318' title='bbox 818 2282 941 2346; x_wconf 91' lang='lat' dir='ltr'><em>punientis</em></span> <span class='ocrx_word' id='word_1_319' title='bbox 962 2299 1042 2332; x_wconf 88' lang='lat' dir='ltr'><em>sermo</em></span> <span class='ocrx_word' id='word_1_320' title='bbox 1064 2292 1108 2340; x_wconf 88' lang='lat' dir='ltr'><em>est,</em></span> <span class='ocrx_word' id='word_1_321' title='bbox 1131 2285 1175 2333; x_wconf 88' lang='lat' dir='ltr'><em>sed</em></span> 
     </span>
     <span class='ocr_line' id='line_1_31' title="bbox 137 2347 1173 2412; baseline 0.001 -16"><span class='ocrx_word' id='word_1_322' title='bbox 137 2348 169 2396; x_wconf 91' lang='lat' dir='ltr'><em>de</em></span> <span class='ocrx_word' id='word_1_323' title='bbox 184 2348 237 2397; x_wconf 90' lang='lat' dir='ltr'><em>eius</em></span> <span class='ocrx_word' id='word_1_324' title='bbox 252 2348 328 2396; x_wconf 88' lang='lat' dir='ltr'><em>animi</em></span> <span class='ocrx_word' id='word_1_325' title='bbox 345 2347 459 2412; x_wconf 90' lang='lat' dir='ltr'><em>explendi</em></span> <span class='ocrx_word' id='word_1_326' title='bbox 480 2347 623 2411; x_wconf 86' lang='lat' dir='ltr'><em>cupiditate.</em></span> <span class='ocrx_word' id='word_1_327' title='bbox 658 2347 811 2397; x_wconf 87' lang='lat' dir='ltr'><em>Utilitatis</em></span> <span class='ocrx_word' id='word_1_328' title='bbox 831 2347 904 2410; x_wconf 84' lang='lat' dir='ltr'><em>igitur</em></span> <span class='ocrx_word' id='word_1_329' title='bbox 923 2349 1025 2396; x_wconf 88' lang='lat' dir='ltr'><em>verbum</em></span> <span class='ocrx_word' id='word_1_330' title='bbox 1042 2349 1074 2396; x_wconf 88' lang='lat' dir='ltr'><em>ad</em></span> <span class='ocrx_word' id='word_1_331' title='bbox 1096 2365 1173 2412; x_wconf 85' lang='lat' dir='ltr'><em>remp.</em></span> 
     </span>
     <span class='ocr_line' id='line_1_32' title="bbox 137 2412 368 2477; baseline 0.004 -17"><span class='ocrx_word' id='word_1_332' title='bbox 137 2413 242 2476; x_wconf 87' lang='lat' dir='ltr'><em>pertinet</em></span> <span class='ocrx_word' id='word_1_333' title='bbox 253 2412 368 2477; x_wconf 61' lang='lat' dir='ltr'><em>proprie!</em></span> 
     </span>
    </p>

    <p class='ocr_par' dir='ltr' id='par_1_8' title="bbox 137 2493 1177 2622">
     <span class='ocr_line' id='line_1_33' title="bbox 185 2493 1177 2558; baseline 0 -18"><span class='ocrx_word' id='word_1_334' title='bbox 185 2495 294 2552; x_wconf 76' lang='lat'><em>580,1.</em></span> <span class='ocrx_word' id='word_1_335' title='bbox 311 2499 349 2542; x_wconf 78' lang='lat'><em>20.</em></span> <span class='ocrx_word' id='word_1_336' title='bbox 381 2493 542 2554; x_wconf 73' lang='lat' dir='ltr'><em>plectantur]</em></span> <span class='ocrx_word' id='word_1_337' title='bbox 568 2493 820 2557; x_wconf 87' lang='lat' dir='ltr'><em>plectarisproperly</em></span> <span class='ocrx_word' id='word_1_338' title='bbox 832 2494 892 2542; x_wconf 91' lang='lat' dir='ltr'><em>used</em></span> <span class='ocrx_word' id='word_1_339' title='bbox 903 2493 1067 2557; x_wconf 86' lang='lat' dir='ltr'><em>of‘corporal</em></span> <span class='ocrx_word' id='word_1_340' title='bbox 1077 2493 1177 2558; x_wconf 89' lang='lat' dir='ltr'><em>punish·</em></span> 
     </span>
     <span class='ocr_line' id='line_1_34' title="bbox 137 2558 805 2622; baseline 0.003 -17"><span class='ocrx_word' id='word_1_341' title='bbox 137 2558 221 2606; x_wconf 89' lang='lat' dir='ltr'><em>ment.&#39;</em></span> <span class='ocrx_word' id='word_1_342' title='bbox 254 2559 324 2606; x_wconf 88' lang='lat' dir='ltr'><em>Thus</em></span> <span class='ocrx_word' id='word_1_343' title='bbox 336 2559 400 2606; x_wconf 90' lang='lat' dir='ltr'><em>Hor.</em></span> <span class='ocrx_word' id='word_1_344' title='bbox 413 2559 466 2608; x_wconf 88' lang='lat' dir='ltr'><em>Sat.</em></span> <span class='ocrx_word' id='word_1_345' title='bbox 480 2570 501 2606; x_wconf 90' lang='lat'><em>11</em></span> <span class='ocrx_word' id='word_1_346' title='bbox 518 2572 540 2619; x_wconf 88' lang='lat'><em>7,</em></span> <span class='ocrx_word' id='word_1_347' title='bbox 555 2573 599 2620; x_wconf 89' lang='lat'><em>105</em></span> <span class='ocrx_word' id='word_1_348' title='bbox 613 2559 805 2622; x_wconf 86' lang='lat' dir='ltr'><em>tergoplector.</em></span> 
     </span>
    </p>
   </div>
   <div class='ocr_carea' id='block_1_7' title="bbox 136 2637 1176 2899">
    <p class='ocr_par' dir='ltr' id='par_1_9' title="bbox 136 2637 1176 2899">
     <span class='ocr_line' id='line_1_35' title="bbox 184 2637 1174 2702; baseline -0.002 -12"><span class='ocrx_word' id='word_1_349' title='bbox 184 2654 218 2690; x_wconf 85' lang='lat' dir='ltr'><em>ne</em></span> <span class='ocrx_word' id='word_1_350' title='bbox 232 2643 398 2694; x_wconf 75' lang='lat' dir='ltr'><em>apponentur</em></span> <span class='ocrx_word' id='word_1_351' title='bbox 411 2639 527 2698; x_wconf 81' lang='lat' dir='ltr'><em>quidem]</em></span> <span class='ocrx_word' id='word_1_352' title='bbox 546 2639 651 2687; x_wconf 88' lang='lat' dir='ltr'><em>‘should</em></span> <span class='ocrx_word' id='word_1_353' title='bbox 663 2646 707 2687; x_wconf 91' lang='lat' dir='ltr'><em>not</em></span> <span class='ocrx_word' id='word_1_354' title='bbox 720 2654 748 2687; x_wconf 92' lang='lat' dir='ltr'><em>so</em></span> <span class='ocrx_word' id='word_1_355' title='bbox 763 2639 836 2687; x_wconf 88' lang='lat' dir='ltr'><em>much</em></span> <span class='ocrx_word' id='word_1_356' title='bbox 851 2654 878 2687; x_wconf 89' lang='lat' dir='ltr'><em>as</em></span> <span class='ocrx_word' id='word_1_357' title='bbox 892 2639 924 2687; x_wconf 94' lang='lat' dir='ltr'><em>be</em></span> <span class='ocrx_word' id='word_1_358' title='bbox 941 2639 1036 2702; x_wconf 91' lang='lat' dir='ltr'><em>spoken</em></span> <span class='ocrx_word' id='word_1_359' title='bbox 1049 2637 1095 2688; x_wconf 84' lang='lat' dir='ltr'><em>tn’</em></span> <span class='ocrx_word' id='word_1_360' title='bbox 1127 2638 1174 2702; x_wconf 88' lang='lat' dir='ltr'><em>Cp.</em></span> 
     </span>
     <span class='ocr_line' id='line_1_36' title="bbox 136 2704 1175 2770; baseline -0.003 -15"><span class='ocrx_word' id='word_1_361' title='bbox 136 2707 239 2770; x_wconf 84' lang='lat' dir='ltr'><em>proleg.</em></span> <span class='ocrx_word' id='word_1_362' title='bbox 255 2706 323 2752; x_wconf 90' lang='lat' dir='ltr'><em>Man.</em></span> <span class='ocrx_word' id='word_1_363' title='bbox 341 2705 354 2763; x_wconf 91' lang='lat'><strong>5</strong></span> <span class='ocrx_word' id='word_1_364' title='bbox 375 2719 401 2752; x_wconf 91' lang='grc' dir='ltr'><em>ιι</em></span> <span class='ocrx_word' id='word_1_365' title='bbox 414 2704 489 2765; x_wconf 85' lang='lat' dir='ltr'><em>legati</em></span> <span class='ocrx_word' id='word_1_366' title='bbox 504 2704 585 2761; x_wconf 81' lang='lat' dir='ltr'><em>vestri,</em></span> <span class='ocrx_word' id='word_1_367' title='bbox 600 2704 665 2766; x_wconf 90' lang='lat' dir='ltr'><em>quod</em></span> <span class='ocrx_word' id='word_1_368' title='bbox 673 2710 745 2751; x_wconf 91' lang='lat' dir='ltr'><em>erant</em></span> <span class='ocrx_word' id='word_1_369' title='bbox 755 2704 901 2766; x_wconf 87' lang='lat' dir='ltr'><em>appellati</em></span> <span class='ocrx_word' id='word_1_370' title='bbox 909 2705 1044 2766; x_wconf 85' lang='lat' dir='ltr'><em>superbius,</em></span> <span class='ocrx_word' id='word_1_371' title='bbox 1057 2705 1126 2752; x_wconf 85' lang='lat' dir='ltr'><em>Verr.</em></span> <span class='ocrx_word' id='word_1_372' title='bbox 1141 2715 1175 2752; x_wconf 81' lang='lat'><em>111</em></span> 
     </span>
     <span class='ocr_line' id='line_1_37' title="bbox 140 2767 1176 2832; baseline -0.004 -12"><span class='ocrx_word' id='word_1_373' title='bbox 140 2788 185 2832; x_wconf 82' lang='lat'><em>134</em></span> <span class='ocrx_word' id='word_1_374' title='bbox 201 2787 231 2818; x_wconf 88' lang='lat' dir='ltr'><em>nc</em></span> <span class='ocrx_word' id='word_1_375' title='bbox 246 2769 316 2818; x_wconf 85' lang='lat' dir='ltr'><em>verbo</em></span> <span class='ocrx_word' id='word_1_376' title='bbox 332 2769 429 2831; x_wconf 76' lang='lat' dir='ltr'><em>quodem</em></span> <span class='ocrx_word' id='word_1_377' title='bbox 442 2769 558 2830; x_wconf 80' lang='lat' dir='ltr'><em>graviore</em></span> <span class='ocrx_word' id='word_1_378' title='bbox 574 2768 728 2831; x_wconf 88' lang='lat' dir='ltr'><em>appellare,</em></span> <span class='ocrx_word' id='word_1_379' title='bbox 755 2769 787 2816; x_wconf 91' lang='lat' dir='ltr'><em>de</em></span> <span class='ocrx_word' id='word_1_380' title='bbox 804 2767 851 2831; x_wconf 84' lang='lat' dir='ltr'><em>leg.</em></span> <span class='ocrx_word' id='word_1_381' title='bbox 872 2783 923 2831; x_wconf 87' lang='lat' dir='ltr'><em>agr.</em></span> <span class='ocrx_word' id='word_1_382' title='bbox 944 2771 994 2827; x_wconf 90' lang='lat'><strong>115</strong></span> <span class='ocrx_word' id='word_1_383' title='bbox 1012 2768 1041 2816; x_wconf 81' lang='lat'><em>62</em></span> <span class='ocrx_word' id='word_1_384' title='bbox 1066 2768 1176 2816; x_wconf 82' lang='lat' dir='ltr'><em>homines</em></span> 
     </span>
     <span class='ocr_line' id='line_1_38' title="bbox 136 2833 413 2899; baseline -0.004 -16"><span class='ocrx_word' id='word_1_385' title='bbox 136 2836 285 2899; x_wconf 88' lang='lat' dir='ltr'><em>appellare</em></span> <span class='ocrx_word' id='word_1_386' title='bbox 295 2833 413 2896; x_wconf 89' lang='lat' dir='ltr'><em>asperius.</em></span> 
     </span>
    </p>
   </div>
   <div class='ocr_carea' id='block_1_8' title="bbox 182 2893 1037 3054">
    <p class='ocr_par' dir='ltr' id='par_1_10' title="bbox 182 2893 1037 3054">
     <span class='ocr_line' id='line_1_39' title="bbox 182 2893 1037 2976; baseline 0 -16"><span class='ocrx_word' id='word_1_387' title='bbox 182 2916 201 2960; x_wconf 93' lang='lat'><em>1.</em></span> <span class='ocrx_word' id='word_1_388' title='bbox 213 2917 251 2960; x_wconf 84' lang='lat' dir='ltr'><em>at.</em></span> <span class='ocrx_word' id='word_1_389' title='bbox 283 2893 517 2972; x_wconf 80' lang='lat' dir='ltr'><em>lrntnpnntendo]</em></span> <span class='ocrx_word' id='word_1_390' title='bbox 533 2912 582 2976; x_wconf 93' lang='lat' dir='ltr'><em>[cp.</em></span> <span class='ocrx_word' id='word_1_391' title='bbox 597 2911 684 2960; x_wconf 87' lang='lat' dir='ltr'><em>Senec.</em></span> <span class='ocrx_word' id='word_1_392' title='bbox 698 2911 834 2973; x_wconf 78' lang='lat' dir='ltr'><em>deitato,</em></span> <span class='ocrx_word' id='word_1_393' title='bbox 848 2922 871 2971; x_wconf 89' lang='lat'><strong>5.</strong></span> <span class='ocrx_word' id='word_1_394' title='bbox 894 2911 1037 2972; x_wconf 65' lang='grc'>1111111]</span> 
     </span>
     <span class='ocr_line' id='line_1_40' title="bbox 182 2990 661 3054; baseline -0.006 -9"><span class='ocrx_word' id='word_1_395' title='bbox 182 3000 200 3045; x_wconf 89' lang='lat'><em>1.</em></span> <span class='ocrx_word' id='word_1_396' title='bbox 215 3002 252 3045; x_wconf 78' lang='lat'><em>22.</em></span> <span class='ocrx_word' id='word_1_397' title='bbox 286 2999 321 3044; x_wconf 77' lang='lat' dir='ltr'><em>ad</em></span> <span class='ocrx_word' id='word_1_398' title='bbox 331 2994 452 3054; x_wconf 79' lang='lat' dir='ltr'><em>poenam]</em></span> <span class='ocrx_word' id='word_1_399' title='bbox 463 3009 497 3042; x_wconf 89' lang='lat' dir='ltr'><em>sc.</em></span> <span class='ocrx_word' id='word_1_400' title='bbox 509 2990 661 3042; x_wconf 84' lang='lat' dir='ltr'><em>sumendam.</em></span> 
     </span>
    </p>
   </div>
   <div class='ocr_carea' id='block_1_9' title="bbox 135 3071 1177 3524">
    <p class='ocr_par' dir='ltr' id='par_1_11' title="bbox 135 3071 1177 3524">
     <span class='ocr_line' id='line_1_41' title="bbox 183 3071 1177 3133; baseline -0.001 -9"><span class='ocrx_word' id='word_1_401' title='bbox 183 3079 390 3124; x_wconf 76' lang='lat' dir='ltr'><em>mediocritatem</em></span> <span class='ocrx_word' id='word_1_402' title='bbox 401 3074 485 3133; x_wconf 65' lang='lat' dir='ltr'><em>illam</em></span> <span class='ocrx_word' id='word_1_403' title='bbox 505 3076 511 3097; x_wconf 81' lang='lat'><strong>¹</strong></span> <span class='ocrx_word' id='word_1_404' title='bbox 521 3073 574 3121; x_wconf 88' lang='lat' dir='ltr'><em>that</em></span> <span class='ocrx_word' id='word_1_405' title='bbox 585 3088 659 3121; x_wconf 90' lang='lat' dir='ltr'><em>mean</em></span> <span class='ocrx_word' id='word_1_406' title='bbox 670 3071 811 3133; x_wconf 65' lang='lat' dir='ltr'><em>(uramara)</em></span> <span class='ocrx_word' id='word_1_407' title='bbox 824 3073 905 3122; x_wconf 87' lang='lat' dir='ltr'><em>which</em></span> <span class='ocrx_word' id='word_1_408' title='bbox 916 3073 960 3122; x_wconf 88' lang='lat' dir='ltr'><em>lies</em></span> <span class='ocrx_word' id='word_1_409' title='bbox 971 3073 1082 3122; x_wconf 89' lang='lat' dir='ltr'><em>between</em></span> <span class='ocrx_word' id='word_1_410' title='bbox 1093 3089 1177 3124; x_wconf 86' lang='lat' dir='ltr'><em>excess</em></span> 
     </span>
     <span class='ocr_line' id='line_1_42' title="bbox 136 3137 1176 3200; baseline -0.004 -10"><span class='ocrx_word' id='word_1_411' title='bbox 136 3142 185 3190; x_wconf 89' lang='lat' dir='ltr'><em>and</em></span> <span class='ocrx_word' id='word_1_412' title='bbox 197 3141 295 3190; x_wconf 88' lang='lat' dir='ltr'><em>defect.&#39;</em></span> <span class='ocrx_word' id='word_1_413' title='bbox 319 3140 383 3188; x_wconf 88' lang='lat' dir='ltr'><em>Hor.</em></span> <span class='ocrx_word' id='word_1_414' title='bbox 395 3139 444 3187; x_wconf 91' lang='lat' dir='ltr'><em>Od.</em></span> <span class='ocrx_word' id='word_1_415' title='bbox 459 3150 479 3186; x_wconf 93' lang='lat'><em>11</em></span> <span class='ocrx_word' id='word_1_416' title='bbox 496 3152 532 3195; x_wconf 87' lang='lat'><em>10,</em></span> <span class='ocrx_word' id='word_1_417' title='bbox 545 3150 558 3199; x_wconf 91' lang='lat'><em>5</em></span> <span class='ocrx_word' id='word_1_418' title='bbox 570 3153 671 3185; x_wconf 86' lang='lat' dir='ltr'><em>auream</em></span> <span class='ocrx_word' id='word_1_419' title='bbox 683 3137 929 3196; x_wconf 87' lang='lat' dir='ltr'><em>mediocritatem,</em></span> <span class='ocrx_word' id='word_1_420' title='bbox 944 3139 1020 3187; x_wconf 89' lang='lat' dir='ltr'><em>Arist.</em></span> <span class='ocrx_word' id='word_1_421' title='bbox 1034 3139 1105 3187; x_wconf 86' lang='lat' dir='ltr'><em>Polit.</em></span> <span class='ocrx_word' id='word_1_422' title='bbox 1120 3151 1149 3187; x_wconf 88' lang='grc' dir='ltr'><em>ιν</em></span> <span class='ocrx_word' id='word_1_423' title='bbox 1161 3154 1176 3200; x_wconf 84' lang='lat'>9</span> 
     </span>
     <span class='ocr_line' id='line_1_43' title="bbox 135 3201 1175 3266; baseline -0.004 -12"><span class='ocrx_word' id='word_1_424' title='bbox 135 3206 149 3254; x_wconf 82' lang='grc' dir='ltr'><em>ὀ</em></span> <span class='ocrx_word' id='word_1_425' title='bbox 161 3208 233 3265; x_wconf 71' lang='grc' dir='ltr'>μέσον</span> <span class='ocrx_word' id='word_1_426' title='bbox 242 3207 294 3265; x_wconf 71' lang='grc' dir='ltr'>βίον</span> <span class='ocrx_word' id='word_1_427' title='bbox 304 3206 438 3263; x_wconf 78' lang='grc' dir='ltr'><strong>βέλτιστος.</strong></span> <span class='ocrx_word' id='word_1_428' title='bbox 475 3202 524 3249; x_wconf 90' lang='lat' dir='ltr'><em>For</em></span> <span class='ocrx_word' id='word_1_429' title='bbox 535 3201 601 3249; x_wconf 89' lang='lat' dir='ltr'><em>what</em></span> <span class='ocrx_word' id='word_1_430' title='bbox 612 3201 708 3250; x_wconf 90' lang='lat' dir='ltr'><em>follows</em></span> <span class='ocrx_word' id='word_1_431' title='bbox 719 3217 757 3266; x_wconf 91' lang='lat' dir='ltr'><em>cp.</em></span> <span class='ocrx_word' id='word_1_432' title='bbox 771 3202 843 3251; x_wconf 90' lang='lat' dir='ltr'><em>Tusc.</em></span> <span class='ocrx_word' id='word_1_433' title='bbox 859 3213 889 3251; x_wconf 87' lang='lat' dir='ltr'><em>tv</em></span> <span class='ocrx_word' id='word_1_434' title='bbox 900 3204 913 3261; x_wconf 94' lang='lat'><strong>5</strong></span> <span class='ocrx_word' id='word_1_435' title='bbox 924 3214 955 3262; x_wconf 80' lang='lat'><em>43</em></span> <span class='ocrx_word' id='word_1_436' title='bbox 966 3203 1103 3266; x_wconf 86' lang='lat' dir='ltr'><em>quidquod</em></span> <span class='ocrx_word' id='word_1_437' title='bbox 1112 3204 1175 3251; x_wconf 78' lang='lat' dir='ltr'><em>edem</em></span> 
     </span>
     <span class='ocr_line' id='line_1_44' title="bbox 135 3266 1177 3333; baseline -0.002 -15"><span class='ocrx_word' id='word_1_438' title='bbox 135 3269 336 3333; x_wconf 85' lang='lat' dir='ltr'><em>Peripatetici</em></span> <span class='ocrx_word' id='word_1_439' title='bbox 341 3266 536 3331; x_wconf 86' lang='lat' dir='ltr'><em>perturbationes</em></span> <span class='ocrx_word' id='word_1_440' title='bbox 548 3267 614 3324; x_wconf 83' lang='lat' dir='ltr'><em>istas,</em></span> <span class='ocrx_word' id='word_1_441' title='bbox 623 3281 685 3328; x_wconf 85' lang='lat' dir='ltr'><em>quas</em></span> <span class='ocrx_word' id='word_1_442' title='bbox 696 3282 739 3314; x_wconf 89' lang='lat' dir='ltr'><em>nos</em></span> <span class='ocrx_word' id='word_1_443' title='bbox 749 3267 909 3329; x_wconf 83' lang='lat' dir='ltr'><em>extirpandas</em></span> <span class='ocrx_word' id='word_1_444' title='bbox 914 3274 1038 3330; x_wconf 88' lang='lat' dir='ltr'><em>putemus,</em></span> <span class='ocrx_word' id='word_1_445' title='bbox 1049 3284 1099 3316; x_wconf 86' lang='lat' dir='ltr'><em>non</em></span> <span class='ocrx_word' id='word_1_446' title='bbox 1110 3268 1177 3316; x_wconf 85' lang='lat' dir='ltr'><em>modo</em></span> 
     </span>
     <span class='ocr_line' id='line_1_45' title="bbox 136 3330 1174 3391; baseline -0.004 -9"><span class='ocrx_word' id='word_1_447' title='bbox 136 3335 262 3384; x_wconf 88' lang='lat' dir='ltr'><em>naturales</em></span> <span class='ocrx_word' id='word_1_448' title='bbox 271 3350 318 3382; x_wconf 88' lang='lat' dir='ltr'><em>esse</em></span> <span class='ocrx_word' id='word_1_449' title='bbox 325 3333 420 3388; x_wconf 83' lang='lat' dir='ltr'><em>dicunt,</em></span> <span class='ocrx_word' id='word_1_450' title='bbox 431 3331 550 3379; x_wconf 87' lang='lat' dir='ltr'><em>sedetiam</em></span> <span class='ocrx_word' id='word_1_451' title='bbox 558 3330 676 3377; x_wconf 88' lang='lat' dir='ltr'><em>utilitera</em></span> <span class='ocrx_word' id='word_1_452' title='bbox 685 3336 779 3378; x_wconf 89' lang='lat' dir='ltr'><em>natura</em></span> <span class='ocrx_word' id='word_1_453' title='bbox 789 3331 880 3379; x_wconf 81' lang='lat' dir='ltr'><em>datas?</em></span> <span class='ocrx_word' id='word_1_454' title='bbox 901 3331 976 3379; x_wconf 84' lang='lat' dir='ltr'><em>Arist.</em></span> <span class='ocrx_word' id='word_1_455' title='bbox 987 3331 1037 3380; x_wconf 84' lang='lat' dir='ltr'><em>eth.</em></span> <span class='ocrx_word' id='word_1_456' title='bbox 1048 3332 1104 3380; x_wconf 89' lang='lat' dir='ltr'><em>Nic.</em></span> <span class='ocrx_word' id='word_1_457' title='bbox 1120 3344 1149 3379; x_wconf 94' lang='lat' dir='ltr'><em>1v</em></span> <span class='ocrx_word' id='word_1_458' title='bbox 1161 3346 1174 3391; x_wconf 90' lang='lat'><strong>5</strong></span> 
     </span>
     <span class='ocr_line' id='line_1_46' title="bbox 136 3395 1176 3457; baseline -0.003 -11"><span class='ocrx_word' id='word_1_459' title='bbox 136 3398 204 3457; x_wconf 79' lang='grc' dir='ltr'>ὁμὲν</span> <span class='ocrx_word' id='word_1_460' title='bbox 219 3395 259 3446; x_wconf 78' lang='grc' dir='ltr'><em>οὖν</em></span> <span class='ocrx_word' id='word_1_461' title='bbox 274 3397 311 3457; x_wconf 82' lang='grc' dir='ltr'><em>ἐφ’</em></span> <span class='ocrx_word' id='word_1_462' title='bbox 329 3398 361 3444; x_wconf 76' lang='lat' dir='ltr'><em>olo</em></span> <span class='ocrx_word' id='word_1_463' title='bbox 378 3397 467 3444; x_wconf 78' lang='grc' dir='ltr'>δεῖκαὶ</span> <span class='ocrx_word' id='word_1_464' title='bbox 483 3395 516 3442; x_wconf 78' lang='grc' dir='ltr'><em>οῖς</em></span> <span class='ocrx_word' id='word_1_465' title='bbox 531 3395 567 3440; x_wconf 84' lang='grc' dir='ltr'><em>δεῖ</em></span> <span class='ocrx_word' id='word_1_466' title='bbox 581 3395 735 3456; x_wconf 75' lang='grc' dir='ltr'><em>ὀργιζόμενος,</em></span> <span class='ocrx_word' id='word_1_467' title='bbox 756 3396 792 3442; x_wconf 80' lang='grc' dir='ltr'><em>ἔτι</em></span> <span class='ocrx_word' id='word_1_468' title='bbox 809 3396 834 3442; x_wconf 80' lang='grc' dir='ltr'><em>δὲ</em></span> <span class='ocrx_word' id='word_1_469' title='bbox 850 3396 889 3443; x_wconf 81' lang='lat' dir='ltr'><em>eal</em></span> <span class='ocrx_word' id='word_1_470' title='bbox 907 3396 936 3444; x_wconf 75' lang='lat' dir='ltr'><em>irs</em></span> <span class='ocrx_word' id='word_1_471' title='bbox 951 3396 994 3452; x_wconf 82' lang='grc' dir='ltr'>δεῖ,</span> <span class='ocrx_word' id='word_1_472' title='bbox 1011 3397 1050 3445; x_wconf 83' lang='lat' dir='ltr'><em>nal</em></span> <span class='ocrx_word' id='word_1_473' title='bbox 1068 3395 1116 3456; x_wconf 82' lang='grc' dir='ltr'><em>ὅτε,</em></span> <span class='ocrx_word' id='word_1_474' title='bbox 1135 3397 1176 3444; x_wconf 83' lang='lat' dir='ltr'><em>nal</em></span> 
     </span>
     <span class='ocr_line' id='line_1_47' title="bbox 135 3463 447 3524; baseline -0.016 -13"><span class='ocrx_word' id='word_1_475' title='bbox 135 3465 191 3512; x_wconf 80' lang='lat' dir='ltr'><em>door</em></span> <span class='ocrx_word' id='word_1_476' title='bbox 201 3465 292 3524; x_wconf 81' lang='grc' dir='ltr'>χρόνον,</span> <span class='ocrx_word' id='word_1_477' title='bbox 307 3463 447 3510; x_wconf 80' lang='grc' dir='ltr'><em>ἐπαινεῖται.</em></span> 
     </span>
    </p>
   </div>
   <div class='ocr_carea' id='block_1_10' title="bbox 135 3538 1177 3668">
    <p class='ocr_par' dir='ltr' id='par_1_12' title="bbox 135 3538 1177 3668">
     <span class='ocr_line' id='line_1_48' title="bbox 181 3538 1177 3604; baseline -0.002 -14"><span class='ocrx_word' id='word_1_478' title='bbox 181 3546 201 3590; x_wconf 93' lang='lat'><em>1.</em></span> <span class='ocrx_word' id='word_1_479' title='bbox 218 3547 257 3591; x_wconf 78' lang='lat'><em>24.</em></span> <span class='ocrx_word' id='word_1_480' title='bbox 289 3545 365 3591; x_wconf 87' lang='lat' dir='ltr'><em>modo</em></span> <span class='ocrx_word' id='word_1_481' title='bbox 382 3552 415 3589; x_wconf 84' lang='lat' dir='ltr'><em>ne</em></span> <span class='ocrx_word' id='word_1_482' title='bbox 433 3538 583 3599; x_wconf 66' lang='lat' dir='ltr'><em>lancinant]</em></span> <span class='ocrx_word' id='word_1_483' title='bbox 607 3538 643 3586; x_wconf 84' lang='lat' dir='ltr'><em>‘is</em></span> <span class='ocrx_word' id='word_1_484' title='bbox 661 3539 721 3600; x_wconf 92' lang='lat' dir='ltr'><em>only</em></span> <span class='ocrx_word' id='word_1_485' title='bbox 743 3538 801 3602; x_wconf 89' lang='lat' dir='ltr'><em>they</em></span> <span class='ocrx_word' id='word_1_486' title='bbox 821 3540 864 3588; x_wconf 92' lang='lat' dir='ltr'><em>did</em></span> <span class='ocrx_word' id='word_1_487' title='bbox 887 3547 931 3589; x_wconf 93' lang='lat' dir='ltr'><em>not</em></span> <span class='ocrx_word' id='word_1_488' title='bbox 952 3541 1028 3603; x_wconf 88' lang='lat' dir='ltr'><em>speak</em></span> <span class='ocrx_word' id='word_1_489' title='bbox 1051 3540 1077 3588; x_wconf 91' lang='lat' dir='ltr'><em>in</em></span> <span class='ocrx_word' id='word_1_490' title='bbox 1096 3539 1177 3604; x_wconf 78' lang='lat' dir='ltr'><em>praise</em></span> 
     </span>
     <span class='ocr_line' id='line_1_49' title="bbox 135 3603 998 3668; baseline -0.003 -12"><span class='ocrx_word' id='word_1_491' title='bbox 135 3605 179 3657; x_wconf 61' lang='grc' dir='ltr'><em>οἰ)</em></span> <span class='ocrx_word' id='word_1_492' title='bbox 211 3606 315 3668; x_wconf 87' lang='lat' dir='ltr'><em>Madvig</em></span> <span class='ocrx_word' id='word_1_493' title='bbox 327 3606 370 3654; x_wconf 89' lang='lat' dir='ltr'><em>Gr.</em></span> <span class='ocrx_word' id='word_1_494' title='bbox 382 3606 395 3664; x_wconf 92' lang='lat'><em>5</em></span> <span class='ocrx_word' id='word_1_495' title='bbox 408 3618 451 3665; x_wconf 84' lang='lat'><strong>351</strong></span> <span class='ocrx_word' id='word_1_496' title='bbox 465 3604 508 3652; x_wconf 84' lang='lat' dir='ltr'><em>obs.</em></span> <span class='ocrx_word' id='word_1_497' title='bbox 522 3620 545 3652; x_wconf 82' lang='lat'><em>2.</em></span> <span class='ocrx_word' id='word_1_498' title='bbox 579 3604 629 3651; x_wconf 90' lang='lat' dir='ltr'><em>For</em></span> <span class='ocrx_word' id='word_1_499' title='bbox 641 3603 682 3651; x_wconf 90' lang='lat' dir='ltr'><em>the</em></span> <span class='ocrx_word' id='word_1_500' title='bbox 694 3613 762 3651; x_wconf 88' lang='lat' dir='ltr'><em>tense</em></span> <span class='ocrx_word' id='word_1_501' title='bbox 773 3619 812 3666; x_wconf 89' lang='lat' dir='ltr'><em>cp.</em></span> <span class='ocrx_word' id='word_1_502' title='bbox 824 3605 837 3662; x_wconf 97' lang='lat'><em>5</em></span> <span class='ocrx_word' id='word_1_503' title='bbox 848 3605 886 3667; x_wconf 80' lang='lat'><em>87,</em></span> <span class='ocrx_word' id='word_1_504' title='bbox 900 3604 917 3654; x_wconf 93' lang='lat' dir='ltr'><em>l.</em></span> <span class='ocrx_word' id='word_1_505' title='bbox 933 3619 962 3666; x_wconf 80' lang='lat' dir='ltr'><em>ay</em></span> <span class='ocrx_word' id='word_1_506' title='bbox 974 3621 998 3654; x_wconf 86' lang='lat' dir='ltr'><em>n.</em></span> 
     </span>
    </p>
   </div>
   <div class='ocr_carea' id='block_1_11' title="bbox 181 3681 1176 3746">
    <p class='ocr_par' dir='ltr' id='par_1_13' title="bbox 181 3681 1176 3746">
     <span class='ocr_line' id='line_1_50' title="bbox 181 3681 1176 3746; baseline -0.002 -12"><span class='ocrx_word' id='word_1_507' title='bbox 181 3689 200 3734; x_wconf 87' lang='grc'>1.</span> <span class='ocrx_word' id='word_1_508' title='bbox 218 3691 255 3734; x_wconf 75' lang='grc'><em>16.</em></span> <span class='ocrx_word' id='word_1_509' title='bbox 289 3689 379 3742; x_wconf 78' lang='lat' dir='ltr'><em>legum</em></span> <span class='ocrx_word' id='word_1_510' title='bbox 398 3683 507 3742; x_wconf 76' lang='lat' dir='ltr'><em>similes]</em></span> <span class='ocrx_word' id='word_1_511' title='bbox 536 3682 587 3746; x_wconf 79' lang='lat' dir='ltr'><em>Cp.</em></span> <span class='ocrx_word' id='word_1_512' title='bbox 605 3682 643 3730; x_wconf 84' lang='lat' dir='ltr'><em>lor</em></span> <span class='ocrx_word' id='word_1_513' title='bbox 659 3698 674 3731; x_wconf 87' lang='lat' dir='ltr'><em>a</em></span> <span class='ocrx_word' id='word_1_514' title='bbox 690 3683 783 3731; x_wconf 86' lang='lat' dir='ltr'><em>similar</em></span> <span class='ocrx_word' id='word_1_515' title='bbox 798 3683 928 3733; x_wconf 88' lang='lat' dir='ltr'><em>sentiment</em></span> <span class='ocrx_word' id='word_1_516' title='bbox 946 3684 1049 3733; x_wconf 85' lang='lat' dir='ltr'><em>Aristot.</em></span> <span class='ocrx_word' id='word_1_517' title='bbox 1068 3681 1121 3732; x_wconf 88' lang='lat' dir='ltr'><em>Pol.</em></span> <span class='ocrx_word' id='word_1_518' title='bbox 1141 3694 1176 3732; x_wconf 85' lang='lat'><em>111</em></span> 
     </span>
    </p>
   </div>
   <div class='ocr_carea' id='block_1_12' title="bbox 133 3745 1152 4039">
    <p class='ocr_par' dir='ltr' id='par_1_14' title="bbox 133 3745 1152 4039">
     <span class='ocr_line' id='line_1_51' title="bbox 134 3745 1116 3813; baseline -0.004 -14"><span class='ocrx_word' id='word_1_519' title='bbox 134 3765 155 3798; x_wconf 90' lang='lat' dir='ltr'><em>c.</em></span> <span class='ocrx_word' id='word_1_520' title='bbox 172 3749 200 3798; x_wconf 85' lang='lat'><em>16</em></span> <span class='ocrx_word' id='word_1_521' title='bbox 213 3749 244 3813; x_wconf 86' lang='lat' dir='ltr'><em>(c.</em></span> <span class='ocrx_word' id='word_1_522' title='bbox 259 3766 295 3809; x_wconf 91' lang='lat'><em>11,</em></span> <span class='ocrx_word' id='word_1_523' title='bbox 310 3749 376 3809; x_wconf 81' lang='lat' dir='ltr'><em>4ed.</em></span> <span class='ocrx_word' id='word_1_524' title='bbox 390 3748 471 3808; x_wconf 75' lang='lat' dir='ltr'><em>Stahr)</em></span> <span class='ocrx_word' id='word_1_525' title='bbox 489 3745 502 3794; x_wconf 86' lang='grc' dir='ltr'><strong><em>ὁ</em></strong></span> <span class='ocrx_word' id='word_1_526' title='bbox 511 3747 555 3803; x_wconf 77' lang='grc' dir='ltr'><em>μέν</em></span> <span class='ocrx_word' id='word_1_527' title='bbox 573 3745 612 3793; x_wconf 83' lang='grc' dir='ltr'><em>οῦν</em></span> <span class='ocrx_word' id='word_1_528' title='bbox 628 3748 669 3794; x_wconf 83' lang='grc' dir='ltr'><em>τὸν</em></span> <span class='ocrx_word' id='word_1_529' title='bbox 686 3747 757 3805; x_wconf 79' lang='grc' dir='ltr'>νόμον</span> <span class='ocrx_word' id='word_1_530' title='bbox 773 3746 874 3795; x_wconf 81' lang='grc' dir='ltr'>κελεύων</span> <span class='ocrx_word' id='word_1_531' title='bbox 892 3746 976 3809; x_wconf 83' lang='grc' dir='ltr'><em>α’ρχειν</em></span> <span class='ocrx_word' id='word_1_532' title='bbox 993 3749 1057 3795; x_wconf 79' lang='grc' dir='ltr'>δοκεῖ</span> <span class='ocrx_word' id='word_1_533' title='bbox 1072 3749 1116 3795; x_wconf 76' lang='lat' dir='ltr'><em>etit</em></span> 
     </span>
     <span class='ocr_line' id='line_1_52' title="bbox 135 3808 1079 3874; baseline -0.001 -13"><span class='ocrx_word' id='word_1_534' title='bbox 135 3814 217 3874; x_wconf 71' lang='lat' dir='ltr'><em>doxam</em></span> <span class='ocrx_word' id='word_1_535' title='bbox 235 3811 277 3861; x_wconf 87' lang='grc' dir='ltr'><em>τὸν</em></span> <span class='ocrx_word' id='word_1_536' title='bbox 300 3810 353 3860; x_wconf 79' lang='grc' dir='ltr'>θεὸν</span> <span class='ocrx_word' id='word_1_537' title='bbox 376 3814 414 3860; x_wconf 81' lang='lat' dir='ltr'><em>nal</em></span> <span class='ocrx_word' id='word_1_538' title='bbox 433 3813 474 3858; x_wconf 86' lang='grc' dir='ltr'><em>τὸν</em></span> <span class='ocrx_word' id='word_1_539' title='bbox 492 3811 546 3857; x_wconf 83' lang='grc' dir='ltr'>νοῦν</span> <span class='ocrx_word' id='word_1_540' title='bbox 563 3811 646 3868; x_wconf 78' lang='grc' dir='ltr'>μόνους</span> <span class='ocrx_word' id='word_1_541' title='bbox 665 3809 707 3869; x_wconf 80' lang='lat' dir='ltr'><em>(al.</em></span> <span class='ocrx_word' id='word_1_542' title='bbox 727 3813 767 3858; x_wconf 78' lang='lat' dir='ltr'><em>eal</em></span> <span class='ocrx_word' id='word_1_543' title='bbox 784 3812 838 3861; x_wconf 82' lang='lat' dir='ltr'><em>rotlt</em></span> <span class='ocrx_word' id='word_1_544' title='bbox 856 3812 956 3870; x_wconf 75' lang='lat' dir='ltr'><em>vduoosl·</em></span> <span class='ocrx_word' id='word_1_545' title='bbox 975 3812 988 3860; x_wconf 77' lang='grc' dir='ltr'>ὁ</span> <span class='ocrx_word' id='word_1_546' title='bbox 1011 3810 1032 3862; x_wconf 75' lang='grc' dir='ltr'><em>δ’</em></span> <span class='ocrx_word' id='word_1_547' title='bbox 1048 3808 1079 3860; x_wconf 79' lang='lat' dir='ltr'><em>tle</em></span> 
     </span>
     <span class='ocr_line' id='line_1_53' title="bbox 133 3748 1152 4039; baseline -0.001 -111"><span class='ocrx_word' id='word_1_548' title='bbox 133 3878 236 3937; x_wconf 72' lang='grc' dir='ltr'>κελεύων</span> <span class='ocrx_word' id='word_1_549' title='bbox 250 3879 393 3940; x_wconf 76' lang='grc' dir='ltr'><strong>προστίθησι</strong></span> <span class='ocrx_word' id='word_1_550' title='bbox 406 3877 445 3925; x_wconf 82' lang='lat' dir='ltr'><em>nal</em></span> <span class='ocrx_word' id='word_1_551' title='bbox 460 3875 568 3937; x_wconf 71' lang='grc' dir='ltr'>θηρίον-</span> <span class='ocrx_word' id='word_1_552' title='bbox 573 3874 653 3938; x_wconf 76' lang='grc' dir='ltr'><em>διόπερ</em></span> <span class='ocrx_word' id='word_1_553' title='bbox 664 3871 722 3924; x_wconf 73' lang='grc' dir='ltr'>ἄνευ</span> <span class='ocrx_word' id='word_1_554' title='bbox 733 3875 829 3938; x_wconf 72' lang='grc' dir='ltr'><em>ὀρέξεως</em></span> <span class='ocrx_word' id='word_1_555' title='bbox 838 3877 890 3926; x_wconf 76' lang='lat' dir='ltr'><em>rotis</em></span> <span class='ocrx_word' id='word_1_556' title='bbox 901 3875 913 3924; x_wconf 87' lang='grc' dir='ltr'>ὁ</span> <span class='ocrx_word' id='word_1_557' title='bbox 924 3879 992 3936; x_wconf 80' lang='grc' dir='ltr'>νόμοι</span> <span class='ocrx_word' id='word_1_558' title='bbox 1002 3877 1079 3947; x_wconf 59' lang='grc' dir='ltr'><em>ἐστίν.</em></span> <span class='ocrx_word' id='word_1_559' title='bbox 1093 3748 1152 4039; x_wconf 54' lang='grc' dir='ltr'><strong>ἰ</strong></span> 
     </span>
    </p>
   </div>
   <div class='ocr_carea' id='block_1_13' title="bbox 0 0 1340 4296">
    <p class='ocr_par' dir='ltr' id='par_1_15' title="bbox 0 0 1340 4296">
     <span class='ocr_line' id='line_1_54' title="bbox 0 0 1340 4296; baseline 0 1"><span class='ocrx_word' id='word_1_560' title='bbox 0 0 1340 4296; x_wconf 95' lang='lat' dir='ltr'><em> </em></span> 
     </span>
    </p>
   </div>
  </div>
 </body>
</html>
