2670 4296
191 237 246 296 106
452 235 501 293 De
519 233 683 292 contentioso
700 231 822 290 Honesti
839 235 866 288 ct
890 229 977 289 [sitio
1065 225 1129 309 [III
1144 246 1175 288 vr
1191 247 1229 304 30

188 397 402 490 ffminfilyfflss
438 397 539 456 cibum
566 395 656 469 alteri,
685 395 799 455 homini
826 388 876 456 ad
899 398 1011 456 nullam
1039 415 1102 456 rem
1129 394 1224 455 utilit’

188 463 267 542 otei.
441 492 566 553 Minime
592 513 669 554 vero.
713 494 785 553 Non
809 491 888 552 enim
912 490 984 550 mihi
1012 503 1056 551 est
1078 490 1138 551 vita
1164 509 1232 550 mea

187 591 286 653 utilior
298 610 388 667 quam
402 589 493 651 animi
507 588 572 650 talis
586 588 722 662 adfectio,
738 588 888 649 neminem
902 597 935 646 ut
949 586 1058 647 violem
1075 585 1227 646 commodi

189 689 247 751 mei
257 688 356 765 gratia
381 687 493 763 ‘Quidi
504 685 528 746 si
537 685 692 759 Phalarim,
702 686 853 745 crudelem
861 694 1016 762 tyrannum
1026 694 1055 744 et
1066 682 1224 755 inmanem,

187 785 356 858 virbonus,
380 805 418 845 ne
438 784 501 861 ipse
521 783 625 861 frigore
645 783 826 855 conficiatur,
847 781 954 847 vestitu
978 781 1103 858 spoliare
1125 778 1227 868 possit,
1259 800 1272 850 5

172 902 287 943 :nonne
300 882 420 943 faciatP'
455 884 541 940 Haec
555 881 595 940 ad
608 879 800 939 iudicandum
815 889 883 939 sunt
896 877 1041 938 facillima
1079 896 1125 953 30.
1148 878 1178 935 N
1180 896 1228 935 am

235 1041 240 1052 ,
437 979 461 1039 si
475 979 548 1055 quid
562 980 599 1038 ah
614 978 735 1038 homine
749 978 789 1037 ad
808 979 920 1036 nullam
938 987 1051 1052 partem
1069 974 1134 1035 utili
1154 973 1229 1033 utili-

187 1041 400 1152 stqldiiiaenad‘decdil
437 1073 503 1134 tatis
528 1085 596 1134 tuae
623 1093 711 1133 causa
739 1071 906 1145 detraxeris,
934 1071 1095 1130 inhumane
1123 1067 1226 1129 feceris

187 1143 262 1184 mm
438 1184 598 1248 contraque
620 1183 740 1233 naturae
761 1172 870 1248 legem:
896 1169 941 1229 sin
963 1180 1062 1229 autem
1083 1167 1109 1228 is
1131 1177 1164 1227 tu
1180 1166 1227 1239 sis,

158 1294 160 1298 ’
188 1265 239 1343 qui
252 1268 375 1326 multam
389 1267 544 1328 utilitatem
558 1267 599 1327 rei
615 1267 751 1343 publicae
768 1278 856 1343 atque
869 1265 1024 1325 hominurn
1042 1259 1184 1334 societati,
1201 1261 1225 1321 si
1246 1285 1273 1319 ιο

187 1362 218 1422 in
233 1362 292 1422 vita
305 1384 464 1438 remaneas,
480 1366 593 1424 adferre
603 1363 706 1440 possis,
734 1363 758 1422 si
772 1363 846 1440 quid
859 1364 898 1422 oh
920 1382 986 1422 eam
1005 1379 1125 1420 causam
1146 1357 1230 1419 alteri

188 1461 353 1535 detraxeris,
370 1482 430 1522 non
445 1461 481 1522 sit
494 1462 778 1538 reprehendendum.
801 1460 864 1520 <Sin
879 1469 978 1519 autem
992 1458 1024 1519 id
1038 1477 1099 1518 non
1114 1457 1151 1516 sit
1165 1456 1228 1517 eius

188 1557 279 1630 modi,
290 1577 376 1616 suum
390 1559 496 1635 cuique
509 1557 734 1619 incommodum
749 1558 903 1617 ferendum
917 1567 961 1616 est
975 1555 1072 1633 potius
1087 1574 1177 1630 quam
1191 1556 1229 1617 de

187 1653 305 1713 alterius
319 1654 484 1714 commodis
499 1655 722 1714 detrahendum.
766 1655 837 1712 Non
858 1650 946 1728 igitur
960 1650 1051 1728 magis
1066 1658 1113 1710 est'
1124 1661 1227 1710 contra

188 1760 322 1809 naturam
336 1752 456 1810 morbus
470 1761 520 1808 aut
533 1760 647 1826 egestas
657 1760 707 1808 aut
722 1748 795 1825 quid
809 1747 871 1809 eius
885 1747 967 1807 modi
981 1766 1070 1823 quam
1085 1746 1226 1808 detractio
1244 1766 1270 1815 15

188 1856 277 1922 atque
291 1846 432 1923 appetitio
446 1846 542 1918 alieni,
558 1846 612 1907 sed
625 1845 791 1907 communis
805 1844 938 1904 utilitatis
957 1843 1108 1904 derelictio
1124 1856 1227 1903 contra
1314 1862 1316 1867 ’

188 1953 322 2002 naturam
343 1954 396 2015 est,
418 1954 462 2003 est
483 1942 563 2002 enim
584 1941 697 2002 iniusta
741 1961 788 2017 31.
823 1942 927 2016 Itaque
947 1943 994 2001 lex
1014 1939 1078 2016 ipsa
1098 1950 1226 2014 naturae,

189 2058 265 2115 quae
280 2039 435 2098 utilitatem
449 2038 604 2097 hominum
625 2048 777 2098 conservat
797 2048 826 2097 et
847 2037 987 2109 continet,
1004 2038 1142 2096 decernet
1163 2057 1228 2114 pro-

188 2135 274 2207 fect0,
290 2145 323 2194 ut
340 2135 377 2193 ab
398 2134 518 2194 homine
539 2133 624 2194 inerti
645 2145 734 2210 atque
753 2132 849 2192 inutili
870 2134 909 2192 ad
932 2132 1102 2209 sapientem,
1116 2133 1235 2208 bonum,

188 2231 293 2290 fortem
307 2230 401 2290 virum
420 2232 628 2290 transferantur
644 2249 689 2290 res
704 2231 743 2290 ad
756 2230 916 2290 vivendum
933 2229 1121 2302 necessariae,
1137 2228 1227 2305 quisi
1242 2253 1272 2286 ιο

188 2325 336 2398 occiderit,
355 2328 481 2385 multum
496 2328 534 2386 de
553 2326 704 2386 communi
724 2326 849 2385 utilitate
864 2326 1150 2386 detraxerit—modo
1169 2327 1227 2384 hoe

188 2418 229 2481 ita
242 2422 338 2495 faciat,
347 2435 380 2481 ut
394 2442 432 2482 ne
446 2422 508 2498 ipse
523 2425 560 2482 de
575 2443 606 2482 se
617 2423 693 2484 bene
705 2422 873 2482 existimans
884 2441 1007 2499 seseque
1018 2421 1142 2499 diligens
1150 2423 1227 2481 hanc

188 2538 308 2578 causam
326 2519 433 2579 habeat
450 2520 489 2590 ad
507 2518 649 2578 iniuriam.
693 2521 741 2577 Ita
754 2538 870 2594 semper
883 2517 980 2577 officio
993 2519 1130 2594 fungetur
1153 2518 1228 2578 utili-

187 2614 241 2675 tati
251 2617 407 2675 consulens
416 2615 570 2675 hominum
580 2627 609 2676 et
618 2614 654 2688 ei,
666 2634 755 2691 quam
765 2633 853 2690 saepe
862 2633 1071 2687 commemoro,
1081 2616 1228 2674 humanae

437 2713 577 2773 societati.
621 2733 667 2789 32.
699 2715 778 2771 Nam
791 2713 873 2788 quod
892 2714 931 2771 ad
948 2711 1095 2771 Phalarim
1113 2712 1225 2785 attinet,
1241 2733 1270 2783 ²5

187 2775 400 2886 edidicisse&
437 2808 573 2885 perfacile
587 2808 729 2867 iudicium
743 2819 795 2868 est
839 2810 929 2867 Nulla
949 2819 993 2868 est
1008 2808 1088 2868 enim
1102 2808 1227 2868 societas

186 2877 294 2917 mmm
438 2905 523 2965 nobis
544 2925 613 2964 cum
630 2905 768 2983 tyrannis,
783 2914 813 2964 et
831 2904 928 2980 potius
946 2924 1062 2964 summa
1079 2903 1228 2965 distractio

188 3013 241 3074 est,
263 3021 360 3078 neque
380 3013 425 3062 est
444 3002 703 3062 contra'naturam
722 3001 847 3079 spoliare
868 3021 946 3075 eum,
967 3001 998 3071 si
1010 3002 1114 3079 possis,
1136 3021 1226 3079 quem

187 3110 233 3159 est
246 3101 405 3159 honestum
422 3118 536 3172 necare,
558 3109 647 3175 atque
664 3100 722 3158 hoc
736 3118 824 3159 omne
837 3118 930 3175 genus
948 3098 1119 3174 pestiferum
1134 3110 1223 3175 atque

187 3194 311 3273 impium
325 3216 361 3256 ex
373 3196 529 3256 hominum
544 3195 753 3255 communitate
768 3194 1024 3255 exterminandum
1035 3207 1086 3256 est.
1110 3194 1226 3256 Etenim
1241 3216 1273 3264 30

187 3304 221 3353 ut
241 3294 373 3353 membra
393 3294 540 3369 quaedam
558 3303 756 3368 amputantur,
772 3290 797 3350 si
817 3301 847 3351 et
863 3290 927 3368 ipsa
948 3290 1090 3367 sanguine
1110 3303 1139 3352 et
1157 3303 1228 3353 tam·

188 3407 277 3466 quam
305 3387 406 3465 spiritu
433 3408 532 3449 carere
559 3399 728 3465 coeperunt,
757 3398 787 3448 et
813 3399 923 3449 nocent
949 3386 1069 3465 reliquis
1097 3389 1227 3465 partibus

186 3659 295 3709 Bonnell
312 3661 354 3717 Or,
372 3675 435 3724 quae
451 3667 538 3709 vacent
554 3657 673 3709 iniustitia
688 3661 729 3709 Ba
745 3661 878 3710 Zouctore
897 3659 1024 3708 Uboldino.
1069 3663 1079 3718 ΙΙ
1118 3673 1131 3706 a
1157 3661 1228 3708 verbo

159 3776 160 3779 η
186 3740 288 3788 minime
302 3739 443 3789 vero...mei
453 3739 532 3804 gratio
542 3746 570 3787 ut
581 3738 745 3802 repugnantis
755 3740 786 3788 iis
796 3741 882 3803 quas§
894 3752 925 3800 30
935 3740 1117 3788 disunturcum
1132 3739 1229 3802 Ungero

185 3821 280 3870 seclusit
290 3822 330 3870 Bo
336 3820 456 3885 probante
465 3821 545 3869 Heine
590 3823 600 3878 ΙΙ
638 3819 668 3870 16
682 3828 725 3870 aut
740 3821 859 3886 appetitio
872 3821 903 3870 St
915 3837 970 3870 cum
981 3821 1074 3885 aliquot
1083 3819 1150 3870 bonis
1160 3820 1226 3872 codd.

190 3905 200 3960 ΙΙ
236 3917 263 3968 27
283 3903 326 3952 sed
343 3901 424 3966 potius
444 3903 481 3952 Or
494 3908 579 3951 contra
595 3900 661 3950 codd.
