2670 4296
100 197 265 281 111v129]
356 205 372 231 ³
458 205 514 264 De'
530 205 671 264 Utilitatis
690 212 799 264 natura
1083 220 1137 282 105

102 365 211 424 endam
225 376 326 426 oenset
338 377 470 442 mortem,
478 380 685 446 paupertatem,
694 371 836 442 dolorem,
846 367 1035 428 amissionem
1048 367 1138 428 etiam

102 459 266 536 liberorum,
277 462 515 539 propinquorum,
527 464 697 538 amicorum,
712 485 801 541 quam
820 466 915 525 iacere
923 463 1059 541 cuiquam
1069 462 1142 524 iniu-

100 557 181 617 riam.
203 559 235 619 Si
243 560 315 619 nihil
324 559 468 621 existimat
478 573 580 620 contra
590 573 724 620 naturam
733 561 794 621 fieri
803 559 972 620 hominibus
983 559 1136 633 violandis,

101 653 173 730 quid
187 674 254 714 cum
268 675 305 716 eo
319 656 452 729 disseras,
468 657 520 732 qui
533 657 656 717 omnino
675 657 827 717 hominem
845 676 881 716 ex
899 655 1019 716 homine
1037 657 1138 717 tollat?

101 749 154 810 Sin
167 751 339 828 fugiendum
351 752 383 811 id
397 752 519 829 quidem
533 765 642 825 censet,
655 754 708 814 sed
721 755 815 813 multo
829 752 879 812 illa
890 751 998 829 peiora,
1008 763 1142 824 mortem,
1168 780 1182 828 5

100 857 309 923 paupertatem,
318 850 459 923 dolorem,
475 859 549 909 errat
563 849 594 908 in
608 869 652 921 eo,
668 850 750 925 quod
764 850 857 908 ullum
875 859 926 908 aut
944 849 1073 925 corporis
1090 859 1140 910 aut

47 946 86 998 v1
102 943 235 1004 fortunae
261 944 365 1004 vitium
389 945 466 1007 vitiis
488 945 579 1005 animi
600 946 714 1022 gravius
738 945 890 1006 existimat
944 947 1022 1023 Ergo
1046 965 1139 1006 unum

102 1040 192 1100 debet
206 1059 270 1101 esse
285 1041 423 1100 omnibus
436 1042 631 1119 propositum3
644 1053 678 1100 ut
692 1043 812 1102 eadem
826 1041 871 1102 sit
884 1040 1020 1101 utilitas
1034 1041 1137 1101 unius

102 1136 272 1214 cuiusque
293 1149 326 1199 et
346 1139 598 1212 universorum,
624 1158 713 1215 quam
734 1138 758 1198 si
779 1140 818 1199 ad
838 1158 869 1198 se
888 1138 1012 1215 quisque
1034 1139 1135 1216 rapiet,

124 1255 312 1308 murmurum
350 1235 524 1296 dissolvetur
538 1235 634 1296 omnis
655 1237 785 1295 humana
805 1235 960 1295 consortio.
1005 1252 1050 1310 27.
1087 1238 1139 1295 At·
1153 1262 1183 1298 ιο

100 1318 174 1396 gem?
174 1307 264 1398 ii³i1⁰¹0i³
275 1309 312 1398 {1¹3⁶
350 1353 408 1409 que
429 1333 526 1406 etiam,
545 1333 570 1392 si
589 1334 647 1392 hoc
668 1346 770 1393 natura
790 1333 967 1410 praescribit,
991 1343 1023 1392 ut
1046 1335 1138 1395 homo

100 1407 312 1508 ifisswiiffl'lffi
350 1429 472 1503 homini,
487 1429 667 1506 quicumque
688 1429 733 1502 sit,
756 1430 794 1489 ob
816 1449 882 1490 eam
902 1429 997 1507 ipsam
1017 1449 1137 1490 causam

99 1506 313 1608 ffinsffgssu‘ffi'ss
350 1529 433 1604 quod
453 1526 477 1586 is
494 1529 584 1588 homo
606 1526 651 1600 sit,
668 1528 836 1588 consultum
854 1528 933 1600 velit,
955 1546 1075 1588 necesse
1094 1538 1137 1589 est

100 1607 151 1706 3¹1⁸,
170 1608 312 1700 ioppffifigffi
350 1625 513 1684 secundum
533 1624 658 1683 eandem
677 1633 810 1682 naturam
832 1622 964 1683 omnium
982 1623 1137 1684 utilitatem

100 1707 311 1799 {ffidbffilffiflssssg
350 1740 413 1780 esse
440 1738 638 1779 communem.
682 1720 772 1793 Quod
796 1719 821 1778 si
843 1719 884 1779 ita
911 1730 964 1792 est,
986 1740 1046 1780 una
1069 1740 1180 1790 con-15

100 1807 312 1910 ζζξᾞξξοβξῃῑξωῑῗ
348 1817 474 1878 tinemur
496 1836 599 1877 omnes
624 1828 653 1877 et
677 1817 781 1876 eadem
804 1818 868 1893 lege
894 1828 1023 1889 naturae,
1046 1817 1137 1894 idque

99 1906 311 1960 ¹i“›¹lb‘¹²¹³‘l=0²0
349 1912 445 1989 ipsum
467 1912 492 1972 si
513 1913 554 1972 ita
576 1924 628 1985 est,
645 1924 723 1974 certe
743 1913 851 1973 violare
872 1916 996 1974 alterum
1015 1925 1137 1977 naturae

99 2005 164 2084 lege
185 2009 388 2084 prohibemur>
425 2011 470 2069 28.
502 2011 613 2068 Verum
637 2021 736 2069 autem
757 2009 893 2085 primum,
925 2030 1027 2071 verum
1050 2010 1136 2088 igitur

99 2116 270 2166 extremum
314 2109 393 2166 Nam
415 2107 488 2166 illud
512 2106 633 2182 quidem
655 2105 815 2165 absurdum
837 2115 889 2178 est,
911 2106 993 2182 quod
1015 2106 1136 2182 quidam

99 2200 211 2275 dicunt,
223 2203 336 2278 parenti
345 2223 376 2264 se
390 2214 441 2263 aut
455 2202 533 2262 fratri
547 2202 619 2262 nihil
633 2203 814 2262 detracturos
828 2201 873 2261 sui
881 2203 1031 2263 commodi
1040 2223 1137 2277 causa,
1150 2226 1182 2260 ao

98 2295 186 2355 aliam
210 2298 355 2359 rationem
378 2319 441 2360 esse
464 2298 572 2358 civium
596 2298 782 2374 reliquorum.
826 2298 870 2357 Hi
892 2297 947 2371 sibi
969 2298 1040 2357 nihil
1059 2299 1137 2374 iuris,

98 2394 210 2451 nullam
229 2394 402 2456 societatem
417 2394 583 2454 communis
598 2394 730 2454 utilitatis
744 2413 833 2454 causa
846 2405 978 2455 statuunt
992 2415 1056 2456 esse
1070 2416 1138 2458 cum

99 2489 221 2565 civibus,
247 2512 323 2568 quae
345 2491 490 2553 sententia
514 2511 634 2551 omnem
658 2489 830 2551 societatem
851 2490 984 2550 distrahit
1004 2491 1136 2554 civitatis,

99 2588 160 2664 Qui
174 2601 272 2650 autem
287 2589 395 2650 civium
409 2590 553 2649 rationem
568 2588 671 2649 dicunt
689 2588 867 2660 habendam,
882 2599 1070 2649 externorum
1089 2608 1139 2650 ne-

97 2685 212 2762 gantii
233 2685 374 2746 dirimunt
395 2705 585 2746 communem
605 2684 727 2744 humani
747 2683 861 2761 generis
879 2683 1058 2755 societatem,
1079 2704 1138 2761 qua
1151 2705 1180 2754 25

98 2782 213 2841 sublata
226 2782 421 2842 beneficentia
438 2781 601 2848 liberalitas,
608 2781 725 2841 bonitas
744 2779 853 2840 iustitia
869 2780 1001 2840 funditus
1017 2780 1136 2841 tollitur.

100 2880 186 2955 Quae
209 2879 260 2955 qui
277 2882 384 2940 tollunt
406 2880 495 2939 ctiam
518 2881 657 2940 adversus
683 2879 756 2939 deos
778 2878 948 2937 inmortales
967 2877 1049 2954 impii
1065 2877 1138 2938 iudi·

98 2974 187 3034 candi
201 2986 277 3035 sunt.
319 2977 367 3036 Ab
381 2975 416 3036 iis
431 2975 510 3036 enim
524 2973 714 3034 constitutam
727 2973 804 3034 inter
817 2973 951 3033 homines
966 2972 1137 3035 societatem

98 3082 241 3144 evertunt,
261 3071 345 3132 cuius
362 3071 510 3133 societatis
527 3070 704 3130 artissimum
722 3069 873 3129 vinculum
894 3079 938 3130 est
957 3069 1049 3145 magis
1065 3070 1138 3131 arbi·

97 3168 165 3228 trari
180 3188 243 3229 esse
257 3180 360 3229 contra
378 3180 512 3227 naturam
525 3165 678 3226 hominem
696 3163 810 3225 homini
826 3165 978 3226 detrahere
996 3164 1041 3224 sui
1057 3185 1138 3226 com·
1150 3190 1181 3237 30

98 3263 181 3324 modi
204 3284 295 3323 causa
315 3284 404 3340 quam
425 3263 526 3324 omnia
545 3262 737 3323 incommoda
758 3261 856 3322 subire
878 3262 926 3321 vel
950 3272 1068 3322 externa
1090 3264 1137 3326 vel

98 3359 315 3436 mmoris**vel
332 3361 421 3421 etiam
442 3359 534 3436 ipsius
554 3357 653 3430 animi,
675 3377 752 3435 quae
767 3367 872 3419 vacent
891 3356 1007 3423 iustitia
1050 3361 1137 3420 Haec

123 3478 208 3520 Severa]
238 3478 310 3529 cases,
349 3456 429 3516 enirn
446 3475 506 3514 una
524 3455 614 3514 virtus
633 3454 767 3515 omnium
787 3463 831 3513 est
849 3452 970 3514 domina
989 3464 1018 3514 et
1038 3454 1137 3531 regina
1167 3443 1169 3446 ’

97 3528 312 3620 ξζξῖεῶζῖζζῗῷῗῖ
348 3552 495 3612 virtutum.
521 3572 566 3628 29.
584 3551 717 3611 Forsitan
728 3549 871 3627 quispiam
881 3549 998 3628 dixerit:
1014 3553 1137 3612 ‘Nonne

96 3628 311 3721 ξξψίῃῇξνξξζιξῖεᾘ
350 3648 436 3727 igitur
450 3648 573 3725 sapiens,
587 3647 611 3707 si
625 3648 703 3707 fame
716 3646 780 3724 ipse
793 3645 971 3718 conficiatur,
986 3646 1136 3707 abstulerit
1149 3669 1179 3722 35

145 3828 159 3862 a
192 3813 300 3876 cuipiam
310 3812 417 3875 Madvrgr
424 3813 465 3861 Lu
476 3828 531 3862 cum
542 3813 638 3861 meliore
637 3810 744 3876 samilrb
753 3809 828 3868 codd,
841 3809 955 3874 cuiquam
966 3809 1008 3858 Ba
1018 3809 1049 3859 St
1057 3809 1137 3860 Heine

97 3909 126 3958 32
146 3909 209 3958 quae
226 3901 314 3944 vacent
329 3893 421 3965 iustitia
439 3894 469 3942 St
485 3894 567 3943 Heine
586 3894 627 3942 Lu
639 3907 693 3941 cum
706 3892 781 3950 codd„
798 3907 861 3957 quae
876 3906 927 3939 non
941 3897 1032 3941 uacent
1044 3891 1147 3940 institua.
1239 3884 1256 3979 1
