2670 4296
114 196 166 255 111
180 210 264 254 xxm
279 190 330 275 90]
379 195 429 254 Do
448 193 617 253 contentione
635 193 763 253 Honesti
777 200 806 251 ot
831 193 917 253 tt'to'lo's
1100 194 1156 268 ¹²7

113 382 189 436 mus,
204 381 300 440 eoque
314 360 416 438 magis,
427 361 510 437 quod
523 360 574 419 illa
587 359 726 420 ordinum
739 358 909 431 coniunctio
923 359 1099 420 adsalutem
1115 360 1157 422 rei

362 456 499 533 publicae
526 454 700 533 pertinebat
744 457 825 543 Maie
853 454 942 514 etiam
965 454 1064 528 Curi0,
1087 475 1156 515 cum

114 535 265 628 ω’ζῐοῑῃῖῗξ
274 534 329 625 maii
364 539 485 613 causam
504 551 783 628 Transpadanorum
798 570 924 628 aequam
943 571 1007 611 esse
1028 551 1155 628 dicebat,

113 636 234 738 mine
246 637 325 677 Tm*
364 653 480 728 semper
493 661 592 708 autem
606 650 736 709 addebat
751 648 871 727 ‘Vincat
884 647 993 724 utilitas
1002 648 1020 706 i'
1054 649 1157 715 Potius

365 749 485 808 doceret
503 765 564 826 non
582 765 647 805 esse
666 751 800 822 aequam,
816 745 964 821 quianon
982 756 1059 806 esset
1074 746 1156 807 'utilis
1186 773 1200 823 5

113 841 156 904 rei
169 842 316 920 publicae,
335 863 425 921 quam
442 863 511 903 eum
529 841 632 902 utilem
653 859 714 900 non
733 861 797 901 esse
811 841 930 914 diceret,
947 861 1011 901 esse
1029 861 1156 921 aequam

113 939 259 1000 fateretur.
286 931 291 939 ’

10 1039 99 1089 {XIII
140 1040 225 1083 Several
247 1041 325 1082 srmnar
423 1039 469 1112 89.
503 1037 612 1096 Plenus
632 1045 677 1097 est
698 1045 798 1098 sextus
818 1034 892 1095 liber
912 1036 951 1095 de
972 1034 1075 1096 officiis
1095 1036 1157 1095 He-

113 1091 213 1143 practical
226 1092 290 1134 cases
304 1092 328 1132 of

114 1142 327 1243 ffiffiypssffl‘}
364 1131 477 1192 catonis
492 1131 594 1190 talium
609 1133 828 1207 quaestionum:
851 1130 939 1190 ‘sitne
960 1131 1032 1190 boni
1050 1130 1104 1189 viri
1124 1129 1155 1190 in

115 1254 152 1285 το.
292 1292 297 1303 ,
362 1228 491 1287 maxima
511 1227 630 1288 caritate
651 1248 787 1289 annonae
808 1227 949 1286 familiam
971 1247 1032 1288 non
1060 1229 1155 1287 alere.’
1170 1249 1201 1284 ro

114 1293 201 1384 biiii
214 1293 326 1403 {biiii}
364 1326 401 1382 In
428 1334 582 1399 utramque
609 1336 722 1400 partem
750 1323 889 1399 disputat,
915 1323 969 1383 sed
995 1333 1096 1382 tamen
1117 1322 1156 1382 ad
1203 1391 1205 1395 ¹

114 1392 270 1485 musicam
283 1393 326 1434 md
366 1433 526 1481 extremum
553 1421 687 1495 utilitate,
715 1433 748 1481 ut
775 1431 867 1496 putat,
896 1419 1026 1480 officium
1060 1417 1157 1496 dirigit

115 1519 207 1596 magis
225 1537 315 1596 quam
333 1518 523 1577 humanitate.
566 1519 697 1594 Quaerit,
715 1519 751 1578 ‘si
764 1517 797 1578 in
811 1517 883 1577 mari
897 1517 1008 1576 iactura
1021 1516 1158 1576 facienda

114 1617 160 1689 sit,
176 1615 284 1692 equine
297 1612 418 1692 pretiosi
431 1612 531 1689 potius
544 1612 686 1673 iacturam
701 1614 787 1674 faciat
802 1633 840 1673 an
855 1613 960 1674 servoli
975 1613 1063 1674 vilist’
1094 1615 1157 1674 Hic

114 1712 174 1772 alio
192 1732 237 1772 res
251 1711 407 1784 familiaris,
426 1710 485 1770 alio
502 1710 583 1771 ducit
600 1710 863 1771 humanitas-‘Si
882 1712 1013 1770 tabulam
1032 1712 1071 1771 de
1087 1731 1199 1780 nau-15

115 1809 207 1886 fragio
218 1811 324 1869 stultus
337 1808 496 1886 arripuerit,
509 1809 733 1885 extorquebitne
748 1827 812 1867 earn
828 1807 953 1883 sapiens,
967 1807 990 1866 si
1004 1808 1156 1884 potuerit?

115 1908 222 1984 Negat,
246 1907 327 1984 ‘quia
350 1906 387 1968 sit
413 1906 708 1982 iniurium.'—‘Quid
729 1905 868 1966 dominus
889 1904 989 1964 navis?
1015 1905 1158 1982 eripietne

114 2004 227 2062 suurn?
270 2002 417 2075 ‘Minime
433 2022 493 2062 non
508 2005 575 2079 plus
590 2021 678 2078 quam
689 2001 876 2077 navigantem
891 1999 921 2058 in
935 2000 996 2059 alto
1010 2000 1104 2060 eicere
1119 2001 1158 2060 de

115 2099 182 2160 navi
202 2099 280 2171 velit,
296 2099 364 2176 quia
385 2120 438 2159 sua
458 2099 502 2159 sit
548 2098 655 2173 Quoad
677 2096 756 2156 enim
777 2107 950 2172 perventum
971 2107 1016 2155 est
1036 2115 1081 2170 e0,
1097 2099 1173 2172 quo'

115 2207 232 2273 sumpta
246 2196 328 2255 navis
342 2208 394 2269 est,
410 2216 470 2256 non
490 2195 604 2256 domini
617 2206 662 2254 est
680 2193 762 2253 navis
780 2194 833 2252 sed
850 2193 1068 2269 navigantium!
1109 2214 1156 2270 90.
1171 2214 1203 2250 ro

116 2291 229 2366 ‘Quidi
249 2291 274 2351 si
292 2311 352 2351 una
372 2293 472 2351 tabula
492 2293 537 2365 sit,
558 2293 618 2352 duo
636 2290 768 2365 naufragi
788 2288 876 2364 eique
890 2288 1045 2364 sapientes,
1064 2289 1158 2351 sibine

115 2405 238 2470 uterque
252 2394 345 2470 rapiat
358 2414 396 2453 an
411 2396 483 2454 alter
497 2395 583 2455 cedat
596 2392 708 2453 alterii'
751 2391 860 2452 ‘Cedat
873 2410 952 2463 vero,
967 2392 1020 2450 sed
1034 2391 1062 2451 ei
1074 2391 1158 2450 cuius

116 2490 208 2567 magis
222 2490 334 2550 intersit
348 2492 394 2550 vel
409 2511 461 2550 sua
475 2493 522 2551 vel
536 2490 577 2550 rei
592 2489 728 2568 publicae
743 2508 831 2548 causa
844 2487 1011 2547 vivere.'-‘
1020 2488 1120 2563 Quid?
1134 2488 1159 2548 si

115 2587 191 2646 haec
204 2587 284 2663 paria
298 2586 328 2645 in
339 2589 489 2664 utroquei’
532 2590 668 2648 ‘Nullum
679 2587 733 2648 erit
748 2597 905 2659 certamen,
921 2586 974 2645 sed
988 2586 1071 2662 quasi
1082 2597 1159 2646 sorte

115 2692 167 2741 aut
181 2683 320 2743 micando
334 2683 428 2744 victus
442 2683 524 2743 alteri
538 2685 626 2744 cedet
639 2685 780 2742 alter.'-‘
786 2682 884 2757 Quid?
898 2682 923 2740 si
933 2692 1017 2757 pater
1029 2684 1097 2742 sana
1111 2703 1159 2744 ex·
1171 2703 1201 2751 ²5

115 2779 197 2855 pilet,
218 2781 371 2840 cuniculos
392 2793 458 2858 agat
479 2782 518 2840 ad
538 2780 690 2854 aerarium,
713 2779 864 2839 indicetne
884 2778 915 2839 id
943 2779 1159 2856 magistratibus

116 2876 219 2937 filiusi'
260 2881 365 2938 ‘Nefas
381 2878 412 2937 id
425 2878 548 2954 quidem
562 2888 621 2938 est:
642 2877 714 2953 quin
733 2877 822 2937 etiarn
842 2877 984 2936 defendat
997 2888 1119 2954 patrem,
1135 2878 1160 2938 si

116 2976 269 3052 arguatur!
291 2978 375 3035 ‘Non
389 2975 475 3052 igitur
488 2975 582 3052 patria
595 2985 723 3051 praestat
737 2974 875 3034 omnibus
890 2973 1018 3033 officiisi'
1048 2976 1159 3034 ‘Immo

116 3090 195 3142 vero,
207 3070 260 3130 sed
275 3069 331 3147 ipsi
344 3071 455 3147 patriae
470 3070 611 3130 conducit
624 3069 690 3147 pios
705 3070 813 3129 habere
828 3069 907 3129 cives
921 3068 952 3127 in
966 3068 1161 3145 parentes!—

117 3168 231 3244 ‘Quidi
250 3168 274 3228 si
292 3169 477 3245 tyrannidem
497 3187 650 3244 occupare,
672 3167 695 3226 si
714 3167 839 3243 patriam
858 3167 985 3242 prodere
1005 3165 1161 3226 conabitur
1173 3186 1204 3236 30

117 3277 207 3341 pater,
224 3265 359 3326 silebitne
379 3265 481 3324 filiust'
524 3267 635 3324 ‘Immo
655 3283 725 3323 vero
746 3263 911 3324 obsecrabit
931 3273 1054 3338 patrem,
1070 3282 1108 3323 ne
1128 3261 1160 3322 id

117 3361 214 3423 faciat.
256 3363 286 3424 Si
300 3363 372 3421 nihil
387 3361 527 3440 proficiet,
543 3361 700 3434 accusabit,
717 3360 876 3419 minabitur
897 3359 995 3433 etiam,
1010 3361 1050 3420 ad
1069 3369 1161 3421 extre·

118 3482 210 3535 mum,
233 3461 258 3521 si
281 3462 321 3521 ad
342 3459 501 3537 perniciem
525 3457 637 3535 patriae
658 3477 703 3518 res
726 3455 879 3534 spectabit,
904 3457 1015 3533 patriae
1037 3458 1160 3517 salutem

166 3623 279 3684 4vinoat
296 3623 388 3672 utilitas
403 3622 551 3686 reipublicae
565 3622 667 3670 OrSte
684 3621 785 3670 Bornc
819 3623 829 3676 ΙΙ
867 3631 881 3681 5
907 3619 1006 3667 doceret
1022 3618 1063 3666 Bo
1080 3618 1164 3667 Her'ne

116 3704 231 3752 Lucum
247 3704 340 3768 aliquot
356 3704 428 3764 codd,
450 3704 542 3753 diceret
566 3703 603 3752 Or
616 3703 640 3751 Z
672 3706 682 3759 ΙΙ
721 3716 749 3751 12
766 3708 793 3751 ut
810 3708 880 3765 putat
897 3715 935 3749 ono
949 3699 987 3748 Or
1020 3703 1030 3756 ΙΙ
1067 3699 1161 3748 nisibi

116 3790 202 3833 neuter
218 3784 241 3832 Z
258 3784 288 3832 St
305 3799 360 3831 cnm
377 3789 424 3846 opt.
444 3781 507 3831 codd.
530 3781 610 3832 sibine
626 3788 729 3845 uterque
750 3782 792 3830 Bo
813 3782 895 3830 Heine
915 3780 957 3828 Lu
972 3794 1028 3828 cutm
1049 3779 1161 3838 Victoria

115 3863 195 3913 sibine
206 3872 260 3913 uter
273 3862 310 3912 Or
312 3864 420 3929 fortasse
430 3869 491 3912 recte
526 3866 536 3921 ΙΙ
572 3873 602 3925 27
621 3862 689 3913 nefas
700 3861 726 3911 id
738 3861 838 3927 quidem
849 3860 933 3917 omisso
944 3866 982 3910 est
996 3857 1033 3908 Or
