2670 4296
53 860 61 869 ι
80 789 171 840 XXVI

184 233 240 288 130
439 214 489 273 De
505 185 671 272 contentione
687 213 811 272 Honesti
827 219 855 272 et
879 212 965 273 Utiles
1011 208 1220 293 [Illxxv197'

183 383 222 445 de
242 381 359 455 iustitia,
376 402 452 458 quae
472 401 589 458 semper
609 392 654 441 est
673 381 761 456 utilis,
781 382 963 459 disputatum
983 395 1035 445 est
1079 385 1224 462 Reliquae

183 489 252 539 sunt
273 479 350 538 duae
371 489 467 554 partes
488 477 658 551 honestatis,
674 496 799 555 quarum
810 480 900 539 altera
909 480 940 538 in
951 479 1042 539 animi
1053 479 1224 541 excellentis

184 573 387 650 magnitudine
416 583 445 633 et
472 574 650 649 praestantia
669 575 806 649 cernitur,
828 578 918 636 altera
938 576 970 636 in
990 577 1226 640 conformatione

184 681 214 731 et
228 669 430 730 moderatione
445 668 646 731 continentiae
660 681 690 731 et
704 672 923 749 temperantiae.

494 781 540 841 97·
571 766 653 828 Utile
666 766 822 852 videbatur
836 769 926 841 Ulixi,
938 780 970 829 ut
984 769 1105 846 quidem
1118 773 1226 847 po'e'tae
1252 757 1267 836 s

185 838 259 930 rarsi‘
283 837 395 947 nihili
432 864 533 942 tragici
547 863 850 941 prodiderunt-nam
864 867 946 942 apud
961 869 1128 927 Homerum
1143 878 1227 945 optu.¹

184 951 399 1031 illinihlilili
437 982 519 1024 mum
537 974 688 1024 auctorem
706 963 771 1023 talis
790 965 829 1024 de
848 964 938 1026 Ulixe
952 966 1032 1024 nulla
1045 965 1167 1042 suspitio
1181 976 1227 1025 est

186 1041 391 1149 ξζᾝῖχχχῃ,
434 1093 483 1132 -‚
499 1061 552 1120 sed
573 1059 743 1120 insimulant
764 1070 832 1120 eum
853 1060 1020 1137 tragoediae
1040 1059 1227 1121 simulatione

211 1174 268 1216 ruat
305 1172 394 1233 nonna
431 1149 563 1217 insaniae
591 1156 725 1216 militiam
757 1153 1112 1234 supterfugere'voluisse.
1155 1160 1227 1218 Non

187 1225 394 1325 ffieihs‘hiiiiii'i
430 1255 589 1314 honestum
610 1252 773 1314 consilium.
819 1256 872 1312 ‘At
892 1252 980 1326 utile:
994 1264 1028 1313 ut
1047 1253 1152 1331 aliquis
1172 1254 1273 1313 for-10

188 1324 395 1423 hlihilihli
432 1360 509 1411 tasse
530 1349 644 1421 dixerit,
667 1354 800 1426 ‘regnare
821 1362 851 1411 et
872 1351 993 1411 Ithacae
1013 1351 1110 1413 vivere
1131 1350 1227 1411 otiose

188 1425 394 1525 ii⁰ff,¹,h,}{}f¹¹¹¹'¹‘³
432 1465 501 1506 cum
521 1446 699 1523 parentibus,
719 1465 788 1505 cum
809 1465 907 1519 uxore,
923 1466 992 1506 cum
1012 1447 1081 1507 filio.
1125 1448 1229 1507 Ullum

437 1555 470 1604 tu
485 1545 575 1605 decus
589 1543 620 1602 in
633 1543 789 1603 cotidianis
803 1544 953 1604 laboribus
968 1555 996 1605 et
1010 1543 1146 1620 perieulis
1160 1564 1229 1604 cum

188 1643 244 1703 hac
258 1639 468 1717 tranquillitate
482 1640 696 1700 conferendum
717 1642 835 1716 putas?'
878 1643 942 1717 Ego
962 1660 1032 1701 vero
1053 1643 1140 1701 istam
1160 1661 1230 1702 con-

188 1738 378 1798 temnendam
392 1748 423 1796 et
436 1734 632 1809 abiciendam,
647 1735 788 1813 quoniam
809 1755 885 1812 quae
906 1739 1031 1797 honesta
1051 1756 1112 1796 non
1133 1736 1170 1798 sit
1191 1757 1229 1799 ne
1245 1760 1274 1810 15

188 1835 290 1895 utilem
305 1834 427 1911 quidem
441 1852 505 1894 esse
520 1833 650 1894 arbitror.
694 1835 740 1909 98.
774 1834 853 1909 Quid
867 1833 947 1893 enim
961 1833 1129 1894 auditurum
1143 1845 1230 1911 putas

188 1930 278 1991 fuisse
299 1930 426 2005 Ulixem,
444 1931 469 1990 si
489 1930 520 1989 in
541 1929 591 1989 illa
611 1929 798 1990 simulatione
817 1930 1075 2006 perseveravisset?
1097 1930 1230 2007 quicum

190 2025 333 2088 araximas
346 2047 391 2088 res
405 2026 527 2106 gesserit
541 2026 572 2086 in
586 2027 674 2100 bello,
689 2037 789 2086 tamen
802 2027 877 2086 haec
891 2026 992 2086 audiat
1004 2028 1043 2086 ab
1058 2026 1163 2088 Aiace:

382 2160 385 2167 ι
450 2133 528 2184 Culus
543 2133 593 2196 lpse
604 2133 720 2196 peinceps
735 2130 799 2180 irln's
809 2131 915 2180 iurandi
921 2131 988 2195 suit,

393 2241 399 2252 ·
448 2217 513 2281 qued
525 2214 607 2264 tereus
622 2214 693 2274 scitis,
712 2212 777 2262 selus
793 2213 896 2276 neglexit
903 2212 988 2275 fidem.

375 2314 377 2318 ³
440 2295 531 2360 furere
545 2292 701 2353 adsimulare,
721 2291 755 2341 nl
766 2294 844 2352 colret,
863 2293 963 2344 lnstitit.
1052 2351 1053 2358 ἵ

448 2375 513 2438 quod
526 2374 556 2423 nl
569 2374 698 2422 Palamedi
708 2372 836 2438 plrspe'eax
846 2372 981 2437 prudlnte'a

448 2455 518 2505 istlees
529 2462 648 2519 percepset
664 2455 808 2504 mlitiosam
825 2453 961 2515 auddelam,

439 2536 496 2603 fiell
507 2545 615 2586 sacratae
630 2537 671 2586 leis
681 2544 796 2601 perpetuo
804 2536 913 2600 sdlleret.
980 2566 981 2569 =

193 2656 240 2714 99.
276 2635 324 2695 Illi
342 2654 411 2695 vero
430 2654 492 2693 non
511 2635 602 2694 modo
617 2652 686 2692 eum
700 2633 844 2706 hostibus,
859 2653 961 2693 verum
976 2633 1065 2694 etiam
1079 2656 1148 2695 cum
1162 2637 1233 2696 flue·
1245 2664 1277 2714 25

191 2735 278 2806 tibus,
292 2733 322 2792 id
333 2733 415 2808 quod
426 2730 504 2800 fecit,
517 2728 656 2789 dimicare
667 2730 771 2788 melius
782 2730 837 2789 suit
846 2749 936 2806 quam
945 2731 1079 2792 deserere
1088 2733 1234 2815 consenti-

192 2841 292 2890 entem
313 2827 467 2889 Graeciam
489 2827 527 2886 ad
552 2828 663 2886 bellum
684 2826 813 2886 barbaris
834 2825 1028 2886 inferendum.
1071 2829 1129 2888 Sed
1150 2829 1235 2889 omit-

191 2977 233 3017 and
250 2974 275 3016 of
293 2984 400 3022 ausurus,
440 2934 535 2982 tamus
549 2933 579 2983 et
593 2924 706 2981 fabulas
721 2935 750 2982 et
765 2935 896 2982 externa:
917 2923 956 2982 ad
969 2943 1032 2983 rem
1046 2924 1153 2983 factam
1168 2944 1235 2985 nos·

192 3027 239 3067 who
252 3025 301 3066 held
319 3023 403 3064 himself
441 3033 574 3094 namque
601 3018 761 3078 veniamus.
805 3023 847 3078 M.
871 3020 977 3079 Atilius
1000 3023 1141 3098 Regulus,
1163 3043 1234 3083 cum

193 3074 403 3167 hhiideihiegiiii
441 3118 544 3176 consul
565 3116 670 3176 iterum
689 3117 720 3176 in
738 3116 838 3176 Africa
859 3137 896 3177 ex
910 3118 1023 3177 insidiis
1037 3131 1141 3195 captus
1156 3134 1233 3183 esset
1248 3149 1281 3198 30

193 3174 402 3284 ρέἑάξὶῗῖξζκη.
444 3215 520 3274 duce
540 3214 713 3291 Xanthippo
733 3215 980 3288 Lacedaemonio,
994 3215 1168 3292 imperatore
1186 3239 1236 3278 au·

442 3321 502 3369 tem
517 3321 599 3385 patre
616 3309 792 3369 Hannibalis
807 3309 986 3383 Hamilcare,
1002 3310 1112 3371 iuratus
1126 3312 1235 3374 missus

194 3419 237 3467 est
258 3407 297 3466 ad
318 3417 462 3476 senatum,
477 3416 519 3476 ut,
533 3405 590 3464 nisi
610 3407 717 3466 redditi
739 3417 838 3466 essent
858 3407 967 3466 Poenis
988 3407 1096 3483 captivi
1117 3409 1234 3472 nobiles

194 3503 323 3579 quidam,
339 3501 445 3561 rediret
459 3501 522 3577 ipse
538 3501 761 3578 Karthaginem.
805 3505 924 3562 Iseum
946 3505 1076 3564 Romam
1096 3506 1234 3583 venisset,

194 3598 324 3658 utilitatis
338 3597 467 3673 speciem
481 3597 610 3671 videbat,
626 3600 679 3657 sed
698 3617 771 3669 eam,
786 3609 819 3657 ut
833 3618 878 3657 res
892 3600 1028 3671 declarat,
1043 3601 1147 3659 salsam
1162 3601 1236 3663 iudi·
1248 3633 1279 3681 35

193 3695 286 3756 cavit:
308 3714 383 3771 quae
405 3704 465 3753 erat
487 3693 570 3754 talis:
591 3714 710 3753 manere
725 3694 755 3752 in
769 3695 870 3770 patria,
886 3714 949 3755 esse
963 3696 1066 3756 domui
1080 3717 1150 3758 suae
1164 3718 1234 3760 cum

244 3816 273 3851 ιο
288 3803 360 3863 verba
378 3809 405 3849 ut
419 3800 508 3865 aliquis
523 3801 625 3851 sortasse
640 3800 729 3850 dixerit
744 3802 894 3863 Idureeanno
909 3809 931 3852 et
946 3804 1097 3868 llensingero
1113 3804 1163 3854 iam
1182 3822 1234 3856 sus·

185 3888 255 3948 pecta
266 3882 411 3930 secluserunt
421 3882 461 3930 Ba
472 3881 552 3931 Helue

262 3991 328 4049 δ’.
