2670 4296
112 194 164 253 111
179 212 213 253 rx
228 190 279 273 39]
369 194 418 253 De
433 195 600 254 contentione
618 197 741 254 Haemi
758 203 786 254 et
813 198 900 256 Utilis
1092 219 1148 276 109

114 403 200 446 ,hem
208 404 262 445 sah„
270 403 298 445 d
309 404 325 444 ·,
363 357 474 417 facinus
497 358 582 431 inest,
604 357 692 418 etiam
717 358 741 418 si
763 361 802 418 ad
824 359 855 419 id
879 380 940 420 non
958 361 1148 438 pervenerint

112 418 207 555 perego}
219 455 325 555 ppgtetveip
363 454 442 530 Ergo
458 473 494 513 ea
512 453 701 513 deliberanda
722 455 844 515 omnino
865 476 927 516 non
947 468 1023 530 sunt,
1038 455 1069 516 in
1090 456 1152 533 qui-

113 568 175 646 Ἦ
177 518 227 655 thia
228 555 325 654 {haiim
297 568 326 604 ne
363 548 418 606 bus
442 557 499 608 est
513 547 604 623 turpis
631 547 695 623 ipsa
718 549 868 608 deliberat
848 561 897 609 tro
941 553 1040 626 Atque
1061 549 1152 610 etiam

112 656 176 697 oreon
177 637 270 696 c’ealrnen
223 655 328 745 rnenpghap
365 664 403 704 ex
429 644 511 705 omni
538 644 749 706 deliberatione
780 647 896 707 celandi
924 659 954 708 et
983 648 1151 708 occultandi

112 755 239 856 mpprys
152 719 293 806 ‘'impilm‘’
311 718 318 745 ¹
365 761 432 818 spes
463 740 623 817 opinioque
654 744 834 802 removenda
867 755 928 804 est:
969 756 1012 805 sat
1013 743 1037 804 is
1072 744 1195 806 enim
1182 791 1196 826 ὃ

112 805 239 897 milani
233 816 325 906 ”grans
363 838 458 911 nobis,
480 837 504 896 si
525 836 644 898 modo
637 856 668 896 m
688 838 875 915 philosophia
898 839 1010 916 aliquid
1029 840 1155 917 profeci·

113 958 188 1012 mus,
216 957 387 1016 persuasum
408 954 472 996 esse
501 935 598 1004 debet,
620 933 645 993 si
666 954 768 995 omnes
800 938 873 995 deos
893 937 1087 1013 hominesque
1107 956 1154 998 ce

61 1153 100 1205 1x
114 1133 186 1192 nihil
213 1132 429 1192 incontinenter
456 1148 520 1190 esse
548 1128 723 1188 faciendum.
788 1134 836 1205 38.
865 1131 948 1190 Hinc
975 1131 1024 1191 ille
1053 1133 1150 1209 Gyges

109 1229 262 1289 inducitur
282 1248 300 1287 a
321 1230 453 1298 Platone,
475 1223 535 1301 qui,
557 1244 626 1283 cum
647 1235 723 1284 terra
752 1224 931 1286 discessisset
952 1227 1065 1304 magnis
1087 1227 1148 1304 qui·
1168 1261 1197 1295 ιο

113 1326 238 1385 busdam
272 1323 421 1394 imbribus,
457 1319 610 1380 descendit
642 1320 674 1379 in
706 1321 788 1380 illum
822 1323 934 1382 hiatum
968 1328 1152 1402 aeneumque

114 1440 232 1498 equum,
263 1432 296 1479 ut
324 1421 420 1478 ferunt
449 1417 572 1488 fabulae,
603 1416 816 1491 animadvertit,
846 1420 928 1480 cuius
957 1420 987 1481 in
1015 1422 1153 1483 lateribus

114 1520 189 1579 fores
203 1527 319 1578 essent:
339 1515 445 1591 quibus
464 1513 570 1590 apertis
592 1534 698 1591 corpus
717 1517 845 1576 hominis
864 1518 971 1577 mortui
989 1519 1061 1578 vidit
1076 1539 1154 1597 mag·

114 1615 247 1676 nitudine
278 1613 417 1673 inusitata
442 1613 622 1688 anulumque
653 1632 776 1672 aureum
808 1614 839 1672 in
871 1615 971 1692 digito,
1003 1635 1092 1692 quem
1119 1620 1152 1675 ut

115 1713 246 1786 detraxit,
268 1711 330 1789 ipse
350 1710 547 1770 induit—erat
567 1720 667 1768 autem
687 1711 782 1786 regius
803 1723 1021 1789 pastor-,tum
1034 1713 1065 1773 in
1085 1732 1195 1791 con-15
1297 1763 1299 1771 ι

113 1809 215 1870 cilium
236 1829 266 1869 se
286 1819 436 1885 pastorum
457 1805 574 1883 recepit.
618 1805 665 1866 Ibi
694 1827 762 1867 cum
790 1810 887 1884 palam
916 1809 978 1869 eius
1006 1809 1087 1869 anuli
1115 1811 1154 1869 ad

115 1908 244 1982 palmam
272 1914 461 1975 converterat,
487 1922 505 1961 a
529 1903 615 1961 nullo
643 1902 804 1976 videbatur,
835 1904 897 1980 ipse
926 1917 1025 1966 autem
1054 1905 1154 1966 omnia

114 2002 251 2063 videbat:
279 2001 359 2061 idem
388 2019 485 2058 rursus
512 1998 673 2071 videbatur,
696 2019 765 2059 cum
791 2000 822 2059 in
850 2003 949 2061 locum
973 2005 1091 2062 anulum
1113 2002 1155 2062 in·

113 2110 243 2159 verterat.
288 2100 392 2172 Itaque
421 2097 478 2154 hac
509 2095 725 2170 opportunitate
754 2096 834 2156 anuli
863 2117 932 2157 usus
952 2098 1068 2176 reginae
1097 2109 1155 2158 stu-

114 2214 199 2271 prum
219 2194 316 2254 intulit
337 2212 431 2268 eaque
452 2191 594 2251 adiutrice
618 2211 716 2268 regem
742 2193 896 2252 dominum
917 2194 1072 2268 interemit,
1095 2214 1154 2254 sus·
1168 2228 1199 2263 20

114 2291 180 2351 tulit
209 2311 284 2369 quos
313 2291 428 2352 obstare
458 2288 656 2361 arbitrabatur,
679 2309 734 2349 nec
754 2289 785 2349 in
806 2290 851 2350 his
879 2310 947 2350 eum
977 2291 1154 2352 facinoribus

115 2388 269 2465 quisquam
289 2386 383 2464 potuit
408 2385 514 2446 videre.
561 2384 609 2446 Sic
633 2396 752 2462 repente
773 2387 852 2445 anuli
873 2387 1016 2448 beneficio
1037 2409 1088 2449 rex
1108 2408 1156 2450 ex·

115 2496 195 2545 ortus
226 2494 270 2544 est
301 2482 419 2560 Lydiae.
478 2484 569 2540 Hunc
599 2481 686 2559 igitur
716 2482 811 2560 ipsum
842 2486 962 2543 anulum
993 2484 1017 2543 si
1048 2485 1155 2546 habeat

116 2581 239 2658 sapiens,
261 2579 332 2638 nihil
361 2581 426 2656 plus
456 2578 510 2638 sibi
541 2577 628 2639 licere
658 2589 742 2655 putet
770 2600 902 2656 peccare,
921 2601 1010 2657 quam
1038 2581 1063 2642 si
1093 2601 1154 2644 non

115 2681 240 2740 haberet
287 2680 424 2736 Honesta
444 2675 524 2735 enim
545 2675 630 2736 bonis
651 2676 727 2749 viris,
749 2696 810 2736 non
830 2679 947 2737 occulta
966 2691 1152 2755 quaeruntur.
1169 2709 1199 2758 25

115 2795 161 2851 39.
203 2777 302 2849 Atque
331 2773 388 2830 hoc
417 2773 485 2830 loco
513 2771 682 2848 philosophi
711 2771 840 2848 quidam,
863 2773 985 2835 minime
1016 2774 1086 2834 mali
1114 2775 1155 2835 illi

114 2870 234 2948 quidem
255 2869 389 2929 sednon
410 2867 479 2927 satis
500 2865 587 2940 acuti,
602 2869 701 2928 fictam
720 2879 750 2928 et
770 2869 1006 2930 commenticiam
1027 2872 1156 2930 fabulam

114 2969 258 3045 prolatam
279 2965 381 3025 dicunt
395 2984 412 3023 a
426 2966 559 3036 Platone,
575 2964 659 3041 quasi
679 2984 749 3025 vero
769 2964 819 3025 ille
839 2976 888 3025 aut
909 2967 1019 3026 factum
1039 2966 1071 3027 id
1090 2986 1154 3027 esse

116 3074 165 3124 aut
185 3062 248 3122 fieri
267 3059 398 3137 potuisse
419 3061 567 3120 defendat.
611 3062 698 3121 Haec
717 3072 760 3121 est
774 3061 817 3120 vis
831 3060 917 3120 huius
931 3061 1012 3120 anuli
1025 3073 1055 3122 et
1069 3062 1156 3123 huius

115 3158 258 3236 exempli:
280 3157 304 3217 si
326 3176 414 3216 nemo
437 3156 570 3229 sciturus,
585 3175 675 3217 nemo
690 3175 727 3215 ne
747 3156 943 3232 suspicaturus
966 3156 1086 3234 quidem
1109 3158 1154 3232 sit,
1169 3195 1201 3243 30

115 3276 184 3315 curn
205 3253 316 3331 ahquid
335 3253 500 3312 divitiarum
518 3251 675 3328 potentiae,
693 3252 902 3313 dominationis
921 3253 1049 3314 libidinis
1067 3274 1157 3315 causa

116 3352 226 3425 leceris,
249 3350 273 3410 si
293 3350 325 3410 id
346 3349 391 3408 dis
412 3348 641 3423 hominibusque
665 3349 793 3406 futurum
817 3348 854 3408 sit
878 3368 993 3426 semper
1013 3350 1154 3427 ignotum,

116 3452 193 3512 sisne
214 3453 360 3511 facturus?
400 3451 519 3525 Negant
532 3447 564 3506 id
577 3447 639 3507 fieri
653 3466 747 3524 posse.
790 3449 988 3526 Nequaquam
1008 3461 1105 3528 potest
1125 3450 1157 3512 id

167 3629 195 3674 14
212 3611 337 3660 invisitata
350 3611 392 3659 Ba
403 3610 483 3659 Hcine
498 3624 553 3656 mm
564 3607 655 3656 duobus
665 3607 730 3657 codd.
768 3610 778 3665 ΙΙ
815 3623 846 3670 ι4
861 3607 940 3657 nihilo
954 3607 1010 3673 plus
1026 3607 1068 3657 Ba
1078 3607 1157 3667 licina

116 3695 158 3744 Lu
176 3707 231 3741 cum
250 3706 299 3739 uno
314 3690 362 3739 cod.
416 3693 425 3747 ΙΙ
472 3687 545 3737 verba
566 3703 670 3753 peccare
691 3687 805 3752 quamsi
824 3704 874 3738 non
891 3689 993 3738 haberet
1011 3689 1158 3738 secluserunt

117 3777 158 3826 Ba
174 3775 215 3823 Lu
231 3779 327 3821 auctore
342 3771 472 3834 Madm'gio
504 3774 516 3827 ΙΙ
552 3783 582 3834 33
609 3784 765 3835 nequaquam
781 3772 848 3821 Face.
869 3772 934 3820 Ern.
956 3772 996 3820 Ba
1011 3771 1092 3821 Helue
1102 3779 1158 3836 post

118 3856 272 3920 Munatium,
277 3869 426 3919 quamquam
441 3853 477 3905 Or
486 3853 516 3901 St
528 3853 567 3900 Zu
576 3852 618 3900 Lu
628 3867 683 3900 cum
694 3852 758 3901 codd.
