<?xml version="1.0" encoding="UTF-8"?>
<!DOCTYPE html PUBLIC "-//W3C//DTD XHTML 1.0 Transitional//EN"
    "http://www.w3.org/TR/xhtml1/DTD/xhtml1-transitional.dtd">
<html xmlns="http://www.w3.org/1999/xhtml" xml:lang="en" lang="en">
 <head>
  <title>
</title>
<meta http-equiv="Content-Type" content="text/html;charset=utf-8" />
  <meta name='ocr-system' content='tesseract 3.04.00' />
  <meta name='ocr-capabilities' content='ocr_page ocr_carea ocr_par ocr_line ocrx_word'/>
</head>
<body>
  <div class='ocr_page' id='page_1' title='image "./mtciceronisdeof00cicegoog_0177.png"; bbox 0 0 2670 4296; ppageno 0'>
   <div class='ocr_carea' id='block_1_1' title="bbox 169 162 1208 294">
    <p class='ocr_par' dir='ltr' id='par_1_1' title="bbox 169 162 1208 294">
     <span class='ocr_line' id='line_1_1' title="bbox 169 162 1208 294; baseline 0.002 -25"><span class='ocrx_word' id='word_1_1' title='bbox 169 213 225 270; x_wconf 89' lang='lat'><strong>126</strong></span> <span class='ocrx_word' id='word_1_2' title='bbox 297 182 300 188; x_wconf 26' lang='lat'>⁵</span> <span class='ocrx_word' id='word_1_3' title='bbox 419 209 653 270; x_wconf 73' lang='lat' dir='ltr'><strong>De&#39;contcntrbne</strong></span> <span class='ocrx_word' id='word_1_4' title='bbox 670 162 799 270; x_wconf 59' lang='lat' dir='ltr'><strong>Haleso·</strong></span> <span class='ocrx_word' id='word_1_5' title='bbox 813 217 843 270; x_wconf 81' lang='lat' dir='ltr'><strong>et</strong></span> <span class='ocrx_word' id='word_1_6' title='bbox 867 211 959 271; x_wconf 84' lang='lat' dir='ltr'><strong>Utilis·</strong></span> <span class='ocrx_word' id='word_1_7' title='bbox 1004 204 1068 294; x_wconf 84' lang='lat'>[111</span> <span class='ocrx_word' id='word_1_8' title='bbox 1082 229 1152 271; x_wconf 86' lang='lat' dir='ltr'><strong>xxu</strong></span> <span class='ocrx_word' id='word_1_9' title='bbox 1167 210 1208 272; x_wconf 86' lang='lat'><strong>86</strong></span> 
     </span>
    </p>
   </div>
   <div class='ocr_carea' id='block_1_2' title="bbox 165 376 1208 551">
    <p class='ocr_par' dir='ltr' id='par_1_2' title="bbox 165 376 1208 551">
     <span class='ocr_line' id='line_1_2' title="bbox 165 376 1208 454; baseline 0.001 -15"><span class='ocrx_word' id='word_1_10' title='bbox 165 389 235 439; x_wconf 86' lang='lat' dir='ltr'><strong>sunt</strong></span> <span class='ocrx_word' id='word_1_11' title='bbox 249 377 402 440; x_wconf 88' lang='lat' dir='ltr'>dedecoris</span> <span class='ocrx_word' id='word_1_12' title='bbox 415 395 451 436; x_wconf 88' lang='lat' dir='ltr'><strong>ac</strong></span> <span class='ocrx_word' id='word_1_13' title='bbox 464 376 660 454; x_wconf 84' lang='lat' dir='ltr'><strong>turpitudinis,</strong></span> <span class='ocrx_word' id='word_1_14' title='bbox 674 376 745 437; x_wconf 88' lang='lat' dir='ltr'><strong>satis</strong></span> <span class='ocrx_word' id='word_1_15' title='bbox 761 395 934 454; x_wconf 87' lang='lat' dir='ltr'><strong>persuasum</strong></span> <span class='ocrx_word' id='word_1_16' title='bbox 949 395 1017 438; x_wconf 90' lang='lat' dir='ltr'><strong>esse</strong></span> <span class='ocrx_word' id='word_1_17' title='bbox 1031 377 1121 440; x_wconf 88' lang='lat' dir='ltr'><strong>debet</strong></span> <span class='ocrx_word' id='word_1_18' title='bbox 1134 378 1208 440; x_wconf 90' lang='lat' dir='ltr'><strong>nihil</strong></span> 
     </span>
     <span class='ocr_line' id='line_1_3' title="bbox 166 473 725 551; baseline -0.005 -16"><span class='ocrx_word' id='word_1_19' title='bbox 166 493 231 535; x_wconf 91' lang='lat' dir='ltr'><strong>esse</strong></span> <span class='ocrx_word' id='word_1_20' title='bbox 243 474 324 547; x_wconf 88' lang='lat' dir='ltr'><strong>utile,</strong></span> <span class='ocrx_word' id='word_1_21' title='bbox 339 474 421 551; x_wconf 93' lang='lat' dir='ltr'><strong>quod</strong></span> <span class='ocrx_word' id='word_1_22' title='bbox 434 492 496 532; x_wconf 92' lang='lat' dir='ltr'><strong>non</strong></span> <span class='ocrx_word' id='word_1_23' title='bbox 510 474 667 532; x_wconf 91' lang='lat' dir='ltr'><strong>honestum</strong></span> <span class='ocrx_word' id='word_1_24' title='bbox 681 473 725 532; x_wconf 83' lang='lat' dir='ltr'><strong>sit</strong></span> 
     </span>
    </p>
   </div>
   <div class='ocr_carea' id='block_1_3' title="bbox 69 569 1207 649">
    <p class='ocr_par' dir='ltr' id='par_1_3' title="bbox 69 569 1207 649">
     <span class='ocr_line' id='line_1_4' title="bbox 69 569 1207 649; baseline 0.006 -24"><span class='ocrx_word' id='word_1_25' title='bbox 69 573 152 625; x_wconf 85' lang='lat' dir='ltr'>XXII</span> <span class='ocrx_word' id='word_1_26' title='bbox 191 594 276 638; x_wconf 62' lang='lat' dir='ltr'><strong>severat</strong></span> <span class='ocrx_word' id='word_1_27' title='bbox 298 596 376 636; x_wconf 72' lang='lat' dir='ltr'><strong>rnnan.</strong></span> <span class='ocrx_word' id='word_1_28' title='bbox 476 572 522 630; x_wconf 90' lang='lat'><strong>86.</strong></span> <span class='ocrx_word' id='word_1_29' title='bbox 554 570 744 646; x_wconf 84' lang='lat' dir='ltr'><strong>Quamquam</strong></span> <span class='ocrx_word' id='word_1_30' title='bbox 763 569 795 631; x_wconf 95' lang='lat' dir='ltr'><strong>id</strong></span> <span class='ocrx_word' id='word_1_31' title='bbox 809 569 930 647; x_wconf 90' lang='lat' dir='ltr'><strong>quidem</strong></span> <span class='ocrx_word' id='word_1_32' title='bbox 944 591 1014 630; x_wconf 91' lang='lat' dir='ltr'><strong>cum</strong></span> <span class='ocrx_word' id='word_1_33' title='bbox 1035 591 1122 649; x_wconf 87' lang='lat' dir='ltr'>saepe</span> <span class='ocrx_word' id='word_1_34' title='bbox 1136 572 1207 634; x_wconf 82' lang='lat' dir='ltr'><strong>alias</strong></span> 
     </span>
    </p>
   </div>
   <div class='ocr_carea' id='block_1_4' title="bbox 164 646 1213 746">
    <p class='ocr_par' dir='ltr' id='par_1_4' title="bbox 164 646 1213 746">
     <span class='ocr_line' id='line_1_5' title="bbox 164 646 1213 746; baseline 0.001 -19"><span class='ocrx_word' id='word_1_35' title='bbox 164 646 377 746; x_wconf 40' lang='grc' dir='ltr'><strong>ῑῗὲοῃξῑξῑῷῗῖἓῖ</strong></span> <span class='ocrx_word' id='word_1_36' title='bbox 414 677 478 726; x_wconf 90' lang='lat' dir='ltr'><strong>tum</strong></span> <span class='ocrx_word' id='word_1_37' title='bbox 493 666 601 744; x_wconf 82' lang='lat' dir='ltr'><strong>Pyrrhi,</strong></span> <span class='ocrx_word' id='word_1_38' title='bbox 615 666 693 726; x_wconf 92' lang='lat' dir='ltr'><strong>bello</strong></span> <span class='ocrx_word' id='word_1_39' title='bbox 714 686 732 726; x_wconf 88' lang='lat' dir='ltr'><strong>a</strong></span> <span class='ocrx_word' id='word_1_40' title='bbox 753 669 787 727; x_wconf 92' lang='lat' dir='ltr'><strong>C.</strong></span> <span class='ocrx_word' id='word_1_41' title='bbox 805 667 939 727; x_wconf 87' lang='lat' dir='ltr'><strong>Fabricio</strong></span> <span class='ocrx_word' id='word_1_42' title='bbox 959 671 1081 728; x_wconf 91' lang='lat' dir='ltr'><strong>consule</strong></span> <span class='ocrx_word' id='word_1_43' title='bbox 1101 669 1213 729; x_wconf 50' lang='lat' dir='ltr'><strong>iterum¹</strong></span> 
     </span>
    </p>
   </div>
   <div class='ocr_carea' id='block_1_5' title="bbox 164 745 1252 846">
    <p class='ocr_par' dir='ltr' id='par_1_5' title="bbox 164 745 1252 846">
     <span class='ocr_line' id='line_1_6' title="bbox 164 745 1252 846; baseline -0.014 -8"><span class='ocrx_word' id='word_1_44' title='bbox 164 745 378 846; x_wconf 50' lang='lat' dir='ltr'><strong>iiiixpeliieciic‘ii}</strong></span> <span class='ocrx_word' id='word_1_45' title='bbox 415 774 445 823; x_wconf 89' lang='lat' dir='ltr'><strong>et</strong></span> <span class='ocrx_word' id='word_1_46' title='bbox 465 783 483 822; x_wconf 97' lang='lat' dir='ltr'><strong>a</strong></span> <span class='ocrx_word' id='word_1_47' title='bbox 503 774 607 823; x_wconf 86' lang='lat' dir='ltr'><strong>senatu</strong></span> <span class='ocrx_word' id='word_1_48' title='bbox 628 774 728 822; x_wconf 93' lang='lat' dir='ltr'><strong>nostro</strong></span> <span class='ocrx_word' id='word_1_49' title='bbox 750 762 913 823; x_wconf 87' lang='lat' dir='ltr'><strong>iudicatum</strong></span> <span class='ocrx_word' id='word_1_50' title='bbox 932 775 984 825; x_wconf 91' lang='lat' dir='ltr'><strong>est.</strong></span> <span class='ocrx_word' id='word_1_51' title='bbox 1028 767 1107 826; x_wconf 92' lang='lat' dir='ltr'><strong>Cum</strong></span> <span class='ocrx_word' id='word_1_52' title='bbox 1127 764 1207 825; x_wconf 90' lang='lat' dir='ltr'><strong>enim</strong></span> <span class='ocrx_word' id='word_1_53' title='bbox 1238 786 1252 834; x_wconf 86' lang='lat'><strong>5</strong></span> 
     </span>
    </p>
   </div>
   <div class='ocr_carea' id='block_1_6' title="bbox 163 847 1253 2000">
    <p class='ocr_par' dir='ltr' id='par_1_6' title="bbox 163 847 1253 2000">
     <span class='ocr_line' id='line_1_7' title="bbox 166 847 1208 938; baseline 0.001 -20"><span class='ocrx_word' id='word_1_54' title='bbox 166 847 322 938; x_wconf 53' lang='lat' dir='ltr'><strong>„lcssoeffi&#39;s</strong></span> <span class='ocrx_word' id='word_1_55' title='bbox 339 857 376 936; x_wconf 56' lang='lat'><strong>{12¹</strong></span> <span class='ocrx_word' id='word_1_56' title='bbox 414 880 464 921; x_wconf 87' lang='lat' dir='ltr'><strong>rex</strong></span> <span class='ocrx_word' id='word_1_57' title='bbox 485 860 611 936; x_wconf 85' lang='lat' dir='ltr'>Pyrrhus</span> <span class='ocrx_word' id='word_1_58' title='bbox 631 860 744 936; x_wconf 93' lang='lat' dir='ltr'><strong>populo</strong></span> <span class='ocrx_word' id='word_1_59' title='bbox 766 861 906 920; x_wconf 87' lang='lat' dir='ltr'><strong>Romano</strong></span> <span class='ocrx_word' id='word_1_60' title='bbox 919 860 1030 919; x_wconf 92' lang='lat' dir='ltr'><strong>bellum</strong></span> <span class='ocrx_word' id='word_1_61' title='bbox 1043 861 1119 919; x_wconf 90' lang='lat' dir='ltr'><strong>ultro</strong></span> <span class='ocrx_word' id='word_1_62' title='bbox 1132 859 1208 919; x_wconf 92' lang='lat' dir='ltr'><strong>intu-</strong></span> 
     </span>
     <span class='ocr_line' id='line_1_8' title="bbox 165 946 1207 1037; baseline 0 -21"><span class='ocrx_word' id='word_1_63' title='bbox 165 957 242 1037; x_wconf 64' lang='grc' dir='ltr'><strong>ξξζξξῗ</strong></span> <span class='ocrx_word' id='word_1_64' title='bbox 255 946 328 1036; x_wconf 50' lang='lat'><strong>{022⁸</strong></span> <span class='ocrx_word' id='word_1_65' title='bbox 341 947 377 1036; x_wconf 55' lang='grc' dir='ltr'><strong>5,ξρ</strong></span> <span class='ocrx_word' id='word_1_66' title='bbox 415 958 503 1031; x_wconf 88' lang='lat' dir='ltr'><strong>lisset,</strong></span> <span class='ocrx_word' id='word_1_67' title='bbox 526 976 654 1033; x_wconf 91' lang='lat' dir='ltr'><strong>cumque</strong></span> <span class='ocrx_word' id='word_1_68' title='bbox 675 958 713 1016; x_wconf 92' lang='lat' dir='ltr'><strong>de</strong></span> <span class='ocrx_word' id='word_1_69' title='bbox 734 956 857 1032; x_wconf 92' lang='lat' dir='ltr'><strong>imperio</strong></span> <span class='ocrx_word' id='word_1_70' title='bbox 878 967 1027 1017; x_wconf 89' lang='lat' dir='ltr'><strong>certamen</strong></span> <span class='ocrx_word' id='word_1_71' title='bbox 1048 969 1125 1017; x_wconf 92' lang='lat' dir='ltr'><strong>esset</strong></span> <span class='ocrx_word' id='word_1_72' title='bbox 1138 976 1207 1016; x_wconf 91' lang='lat' dir='ltr'><strong>cum</strong></span> 
     </span>
     <span class='ocr_line' id='line_1_9' title="bbox 167 1046 1214 1132; baseline 0 -18"><span class='ocrx_word' id='word_1_73' title='bbox 167 1046 375 1098; x_wconf 57' lang='lat' dir='ltr'><strong>wl⁰s⁹l¹³¹³³l⁸·</strong></span> <span class='ocrx_word' id='word_1_74' title='bbox 415 1074 483 1131; x_wconf 88' lang='lat' dir='ltr'><strong>rege</strong></span> <span class='ocrx_word' id='word_1_75' title='bbox 496 1073 640 1131; x_wconf 88' lang='lat' dir='ltr'><strong>generoso</strong></span> <span class='ocrx_word' id='word_1_76' title='bbox 654 1073 690 1113; x_wconf 90' lang='lat' dir='ltr'><strong>ac</strong></span> <span class='ocrx_word' id='word_1_77' title='bbox 708 1053 830 1130; x_wconf 90' lang='lat' dir='ltr'><strong>potenti,</strong></span> <span class='ocrx_word' id='word_1_78' title='bbox 845 1055 966 1132; x_wconf 84' lang='lat' dir='ltr'><strong>perfuga</strong></span> <span class='ocrx_word' id='word_1_79' title='bbox 980 1055 1017 1114; x_wconf 87' lang='lat' dir='ltr'><strong>ab</strong></span> <span class='ocrx_word' id='word_1_80' title='bbox 1031 1074 1068 1115; x_wconf 90' lang='lat' dir='ltr'><strong>eo</strong></span> <span class='ocrx_word' id='word_1_81' title='bbox 1082 1055 1214 1115; x_wconf 89' lang='lat' dir='ltr'><strong>venitin</strong></span> 
     </span>
     <span class='ocr_line' id='line_1_10' title="bbox 165 1150 1208 1229; baseline -0.001 -16"><span class='ocrx_word' id='word_1_82' title='bbox 165 1164 259 1213; x_wconf 89' lang='lat' dir='ltr'><strong>castra</strong></span> <span class='ocrx_word' id='word_1_83' title='bbox 274 1152 399 1212; x_wconf 87' lang='lat' dir='ltr'><strong>Fabricii</strong></span> <span class='ocrx_word' id='word_1_84' title='bbox 413 1152 498 1229; x_wconf 91' lang='lat' dir='ltr'><strong>eique</strong></span> <span class='ocrx_word' id='word_1_85' title='bbox 512 1162 557 1211; x_wconf 92' lang='lat' dir='ltr'><strong>est</strong></span> <span class='ocrx_word' id='word_1_86' title='bbox 570 1150 725 1227; x_wconf 86' lang='lat' dir='ltr'><strong>pollicitus,</strong></span> <span class='ocrx_word' id='word_1_87' title='bbox 742 1151 767 1209; x_wconf 94' lang='lat' dir='ltr'><strong>si</strong></span> <span class='ocrx_word' id='word_1_88' title='bbox 787 1151 949 1227; x_wconf 90' lang='lat' dir='ltr'><strong>praemium</strong></span> <span class='ocrx_word' id='word_1_89' title='bbox 968 1151 1024 1211; x_wconf 89' lang='lat' dir='ltr'><strong>sibi</strong></span> <span class='ocrx_word' id='word_1_90' title='bbox 1042 1152 1208 1229; x_wconf 88' lang='lat' dir='ltr'><strong>proposuis-</strong></span> 
     </span>
     <span class='ocr_line' id='line_1_11' title="bbox 165 1247 1253 1324; baseline -0.006 -15"><span class='ocrx_word' id='word_1_91' title='bbox 165 1260 217 1321; x_wconf 90' lang='lat' dir='ltr'><strong>set,</strong></span> <span class='ocrx_word' id='word_1_92' title='bbox 239 1269 279 1321; x_wconf 93' lang='lat' dir='ltr'><strong>se,</strong></span> <span class='ocrx_word' id='word_1_93' title='bbox 295 1260 328 1309; x_wconf 93' lang='lat' dir='ltr'><strong>ut</strong></span> <span class='ocrx_word' id='word_1_94' title='bbox 349 1251 425 1308; x_wconf 91' lang='lat' dir='ltr'><strong>clam</strong></span> <span class='ocrx_word' id='word_1_95' title='bbox 445 1247 582 1320; x_wconf 90' lang='lat' dir='ltr'><strong>venisset,</strong></span> <span class='ocrx_word' id='word_1_96' title='bbox 598 1247 640 1307; x_wconf 93' lang='lat' dir='ltr'><strong>sic</strong></span> <span class='ocrx_word' id='word_1_97' title='bbox 661 1249 736 1306; x_wconf 90' lang='lat' dir='ltr'><strong>clam</strong></span> <span class='ocrx_word' id='word_1_98' title='bbox 757 1247 788 1306; x_wconf 92' lang='lat' dir='ltr'><strong>in</strong></span> <span class='ocrx_word' id='word_1_99' title='bbox 810 1247 911 1324; x_wconf 87' lang='lat' dir='ltr'><strong>Pyrrhi</strong></span> <span class='ocrx_word' id='word_1_100' title='bbox 932 1259 1027 1306; x_wconf 87' lang='lat' dir='ltr'><strong>castra</strong></span> <span class='ocrx_word' id='word_1_101' title='bbox 1046 1249 1205 1308; x_wconf 90' lang='lat' dir='ltr'><strong>rediturum</strong></span> <span class='ocrx_word' id='word_1_102' title='bbox 1224 1270 1253 1304; x_wconf 84' lang='lat' dir='ltr'><strong>ro</strong></span> 
     </span>
     <span class='ocr_line' id='line_1_12' title="bbox 165 1343 1208 1406; baseline -0.001 0"><span class='ocrx_word' id='word_1_103' title='bbox 165 1356 195 1406; x_wconf 86' lang='lat' dir='ltr'><strong>et</strong></span> <span class='ocrx_word' id='word_1_104' title='bbox 208 1365 277 1406; x_wconf 90' lang='lat' dir='ltr'><strong>eum</strong></span> <span class='ocrx_word' id='word_1_105' title='bbox 290 1365 406 1406; x_wconf 92' lang='lat' dir='ltr'><strong>veneno</strong></span> <span class='ocrx_word' id='word_1_106' title='bbox 421 1355 601 1405; x_wconf 89' lang='lat' dir='ltr'><strong>necaturum.</strong></span> <span class='ocrx_word' id='word_1_107' title='bbox 645 1346 737 1403; x_wconf 91' lang='lat' dir='ltr'><strong>Hunc</strong></span> <span class='ocrx_word' id='word_1_108' title='bbox 752 1343 902 1402; x_wconf 91' lang='lat' dir='ltr'><strong>Fabricius</strong></span> <span class='ocrx_word' id='word_1_109' title='bbox 911 1345 1113 1404; x_wconf 91' lang='lat' dir='ltr'><strong>reducendum</strong></span> <span class='ocrx_word' id='word_1_110' title='bbox 1128 1365 1208 1405; x_wconf 90' lang='lat' dir='ltr'><strong>cura·</strong></span> 
     </span>
     <span class='ocr_line' id='line_1_13' title="bbox 163 1440 1208 1520; baseline 0 -18"><span class='ocrx_word' id='word_1_111' title='bbox 163 1441 205 1503; x_wconf 91' lang='lat' dir='ltr'><strong>vit</strong></span> <span class='ocrx_word' id='word_1_112' title='bbox 220 1443 258 1501; x_wconf 90' lang='lat' dir='ltr'><strong>ad</strong></span> <span class='ocrx_word' id='word_1_113' title='bbox 278 1444 420 1520; x_wconf 91' lang='lat' dir='ltr'><strong>Pyrrhum</strong></span> <span class='ocrx_word' id='word_1_114' title='bbox 435 1440 525 1517; x_wconf 92' lang='lat' dir='ltr'><strong>idque</strong></span> <span class='ocrx_word' id='word_1_115' title='bbox 540 1440 602 1501; x_wconf 93' lang='lat' dir='ltr'><strong>eius</strong></span> <span class='ocrx_word' id='word_1_116' title='bbox 617 1442 728 1499; x_wconf 84' lang='lat' dir='ltr'><strong>factum</strong></span> <span class='ocrx_word' id='word_1_117' title='bbox 747 1442 900 1500; x_wconf 89' lang='lat' dir='ltr'><strong>laudatum</strong></span> <span class='ocrx_word' id='word_1_118' title='bbox 913 1461 932 1500; x_wconf 92' lang='lat' dir='ltr'><strong>a</strong></span> <span class='ocrx_word' id='word_1_119' title='bbox 944 1453 1048 1501; x_wconf 89' lang='lat' dir='ltr'><strong>senatu</strong></span> <span class='ocrx_word' id='word_1_120' title='bbox 1062 1452 1115 1502; x_wconf 87' lang='lat' dir='ltr'><strong>est.</strong></span> <span class='ocrx_word' id='word_1_121' title='bbox 1156 1445 1208 1502; x_wconf 86' lang='lat' dir='ltr'><strong>At-</strong></span> 
     </span>
     <span class='ocr_line' id='line_1_14' title="bbox 164 1537 1206 1617; baseline 0.003 -21"><span class='ocrx_word' id='word_1_122' title='bbox 164 1538 215 1616; x_wconf 90' lang='lat' dir='ltr'><strong>qui</strong></span> <span class='ocrx_word' id='word_1_123' title='bbox 243 1538 268 1598; x_wconf 91' lang='lat' dir='ltr'><strong>si</strong></span> <span class='ocrx_word' id='word_1_124' title='bbox 295 1537 424 1615; x_wconf 91' lang='lat' dir='ltr'><strong>speciem</strong></span> <span class='ocrx_word' id='word_1_125' title='bbox 451 1537 583 1597; x_wconf 87' lang='lat' dir='ltr'><strong>utilitatis</strong></span> <span class='ocrx_word' id='word_1_126' title='bbox 610 1537 841 1615; x_wconf 86' lang='lat' dir='ltr'><strong>opinionemque</strong></span> <span class='ocrx_word' id='word_1_127' title='bbox 869 1539 1046 1614; x_wconf 84' lang='lat' dir='ltr'><strong>quaerimus,</strong></span> <span class='ocrx_word' id='word_1_128' title='bbox 1067 1559 1206 1617; x_wconf 86' lang='lat' dir='ltr'><strong>magnum</strong></span> 
     </span>
     <span class='ocr_line' id='line_1_15' title="bbox 164 1633 1207 1710; baseline 0 -16"><span class='ocrx_word' id='word_1_129' title='bbox 164 1633 236 1695; x_wconf 92' lang='lat' dir='ltr'><strong>illud</strong></span> <span class='ocrx_word' id='word_1_130' title='bbox 251 1635 362 1694; x_wconf 91' lang='lat' dir='ltr'><strong>bellum</strong></span> <span class='ocrx_word' id='word_1_131' title='bbox 376 1635 497 1710; x_wconf 85' lang='lat' dir='ltr'><strong>perfuga</strong></span> <span class='ocrx_word' id='word_1_132' title='bbox 511 1653 587 1692; x_wconf 90' lang='lat' dir='ltr'><strong>unus</strong></span> <span class='ocrx_word' id='word_1_133' title='bbox 600 1644 630 1693; x_wconf 90' lang='lat' dir='ltr'><strong>et</strong></span> <span class='ocrx_word' id='word_1_134' title='bbox 648 1652 766 1710; x_wconf 80' lang='lat' dir='ltr'><strong>gravem</strong></span> <span class='ocrx_word' id='word_1_135' title='bbox 780 1633 977 1693; x_wconf 89' lang='lat' dir='ltr'><strong>adversarium</strong></span> <span class='ocrx_word' id='word_1_136' title='bbox 988 1633 1102 1710; x_wconf 91' lang='lat' dir='ltr'><strong>imperii</strong></span> <span class='ocrx_word' id='word_1_137' title='bbox 1116 1647 1207 1695; x_wconf 90' lang='lat' dir='ltr'><strong>sustu-</strong></span> 
     </span>
     <span class='ocr_line' id='line_1_16' title="bbox 164 1728 1250 1806; baseline -0.001 -18"><span class='ocrx_word' id='word_1_138' title='bbox 164 1729 252 1803; x_wconf 88' lang='lat' dir='ltr'><strong>lisset,</strong></span> <span class='ocrx_word' id='word_1_139' title='bbox 269 1730 322 1789; x_wconf 90' lang='lat' dir='ltr'><strong>sed</strong></span> <span class='ocrx_word' id='word_1_140' title='bbox 336 1748 476 1806; x_wconf 90' lang='lat' dir='ltr'><strong>magnum</strong></span> <span class='ocrx_word' id='word_1_141' title='bbox 496 1729 625 1788; x_wconf 89' lang='lat' dir='ltr'><strong>dedecus</strong></span> <span class='ocrx_word' id='word_1_142' title='bbox 646 1738 676 1788; x_wconf 93' lang='lat' dir='ltr'><strong>et</strong></span> <span class='ocrx_word' id='word_1_143' title='bbox 696 1728 845 1805; x_wconf 87' lang='lat' dir='ltr'><strong>flagitium,</strong></span> <span class='ocrx_word' id='word_1_144' title='bbox 860 1729 981 1804; x_wconf 91' lang='lat' dir='ltr'><strong>quicum</strong></span> <span class='ocrx_word' id='word_1_145' title='bbox 1001 1730 1096 1790; x_wconf 89' lang='lat' dir='ltr'><strong>laudis</strong></span> <span class='ocrx_word' id='word_1_146' title='bbox 1116 1741 1250 1799; x_wconf 86' lang='lat' dir='ltr'><strong>certa-15</strong></span> 
     </span>
     <span class='ocr_line' id='line_1_17' title="bbox 165 1824 1203 1903; baseline 0.003 -19"><span class='ocrx_word' id='word_1_147' title='bbox 165 1844 235 1885; x_wconf 92' lang='lat' dir='ltr'><strong>men</strong></span> <span class='ocrx_word' id='word_1_148' title='bbox 262 1824 372 1897; x_wconf 85' lang='lat' dir='ltr'><strong>suisset,</strong></span> <span class='ocrx_word' id='word_1_149' title='bbox 401 1844 469 1884; x_wconf 89' lang='lat' dir='ltr'><strong>eum</strong></span> <span class='ocrx_word' id='word_1_150' title='bbox 496 1844 558 1883; x_wconf 90' lang='lat' dir='ltr'><strong>non</strong></span> <span class='ocrx_word' id='word_1_151' title='bbox 589 1824 696 1884; x_wconf 92' lang='lat' dir='ltr'><strong>virtute</strong></span> <span class='ocrx_word' id='word_1_152' title='bbox 723 1827 777 1886; x_wconf 90' lang='lat' dir='ltr'><strong>sed</strong></span> <span class='ocrx_word' id='word_1_153' title='bbox 805 1828 914 1886; x_wconf 91' lang='lat' dir='ltr'><strong>scelere</strong></span> <span class='ocrx_word' id='word_1_154' title='bbox 938 1839 1113 1903; x_wconf 89' lang='lat' dir='ltr'><strong>superatum.</strong></span> <span class='ocrx_word' id='word_1_155' title='bbox 1157 1831 1203 1903; x_wconf 85' lang='lat'><strong>87.</strong></span> 
     </span>
     <span class='ocr_line' id='line_1_18' title="bbox 165 1919 1205 2000; baseline 0 -17"><span class='ocrx_word' id='word_1_156' title='bbox 165 1923 275 1983; x_wconf 89' lang='lat' dir='ltr'><strong>Utrum</strong></span> <span class='ocrx_word' id='word_1_157' title='bbox 296 1920 384 1997; x_wconf 83' lang='lat' dir='ltr'><strong>igitur</strong></span> <span class='ocrx_word' id='word_1_158' title='bbox 400 1919 500 1979; x_wconf 91' lang='lat' dir='ltr'><strong>utilius</strong></span> <span class='ocrx_word' id='word_1_159' title='bbox 518 1922 566 1980; x_wconf 91' lang='lat' dir='ltr'><strong>vel</strong></span> <span class='ocrx_word' id='word_1_160' title='bbox 586 1920 729 1999; x_wconf 86' lang='lat' dir='ltr'><strong>Fabricio,</strong></span> <span class='ocrx_word' id='word_1_161' title='bbox 746 1920 797 1996; x_wconf 92' lang='lat' dir='ltr'><strong>qui</strong></span> <span class='ocrx_word' id='word_1_162' title='bbox 819 1921 884 1980; x_wconf 87' lang='lat' dir='ltr'><strong>talis</strong></span> <span class='ocrx_word' id='word_1_163' title='bbox 903 1921 934 1980; x_wconf 92' lang='lat' dir='ltr'><strong>in</strong></span> <span class='ocrx_word' id='word_1_164' title='bbox 951 1923 1007 1982; x_wconf 90' lang='lat' dir='ltr'><strong>hac</strong></span> <span class='ocrx_word' id='word_1_165' title='bbox 1025 1923 1097 1983; x_wconf 91' lang='lat' dir='ltr'><strong>urbe</strong></span> <span class='ocrx_word' id='word_1_166' title='bbox 1112 1923 1205 2000; x_wconf 90' lang='lat' dir='ltr'><strong>qualis</strong></span> 
     </span>
    </p>
   </div>
   <div class='ocr_carea' id='block_1_7' title="bbox 165 2016 1208 2095">
    <p class='ocr_par' dir='ltr' id='par_1_7' title="bbox 165 2016 1208 2095">
     <span class='ocr_line' id='line_1_19' title="bbox 165 2016 1208 2095; baseline 0.001 -17"><span class='ocrx_word' id='word_1_167' title='bbox 165 2019 309 2079; x_wconf 83' lang='lat' dir='ltr'><strong>Aristides</strong></span> <span class='ocrx_word' id='word_1_168' title='bbox 322 2017 447 2078; x_wconf 90' lang='lat' dir='ltr'><strong>Athenis</strong></span> <span class='ocrx_word' id='word_1_169' title='bbox 461 2016 523 2091; x_wconf 88' lang='lat' dir='ltr'><strong>fuit,</strong></span> <span class='ocrx_word' id='word_1_170' title='bbox 538 2017 585 2078; x_wconf 89' lang='lat' dir='ltr'><strong>vel</strong></span> <span class='ocrx_word' id='word_1_171' title='bbox 605 2017 720 2077; x_wconf 90' lang='lat' dir='ltr'><strong>senatui</strong></span> <span class='ocrx_word' id='word_1_172' title='bbox 734 2029 845 2090; x_wconf 82' lang='lat' dir='ltr'><strong>nost10,</strong></span> <span class='ocrx_word' id='word_1_173' title='bbox 860 2016 912 2094; x_wconf 93' lang='lat' dir='ltr'><strong>qui</strong></span> <span class='ocrx_word' id='word_1_174' title='bbox 926 2037 1089 2095; x_wconf 88' lang='lat' dir='ltr'><strong>numquam</strong></span> <span class='ocrx_word' id='word_1_175' title='bbox 1102 2020 1208 2080; x_wconf 87' lang='lat' dir='ltr'><strong>utilita-</strong></span> 
     </span>
    </p>
   </div>
   <div class='ocr_carea' id='block_1_8' title="bbox 148 2114 1206 2194">
    <p class='ocr_par' dir='ltr' id='par_1_8' title="bbox 148 2114 1206 2194">
     <span class='ocr_line' id='line_1_20' title="bbox 148 2114 1206 2194; baseline 0.003 -18"><span class='ocrx_word' id='word_1_176' title='bbox 148 2150 151 2156; x_wconf 91' lang='lat'>·</span> <span class='ocrx_word' id='word_1_177' title='bbox 166 2128 226 2176; x_wconf 89' lang='lat' dir='ltr'><strong>tem</strong></span> <span class='ocrx_word' id='word_1_178' title='bbox 240 2136 258 2175; x_wconf 88' lang='lat' dir='ltr'><strong>a</strong></span> <span class='ocrx_word' id='word_1_179' title='bbox 272 2116 414 2194; x_wconf 85' lang='lat' dir='ltr'><strong>dignitate</strong></span> <span class='ocrx_word' id='word_1_180' title='bbox 428 2114 562 2188; x_wconf 86' lang='lat' dir='ltr'><strong>seiunxit,</strong></span> <span class='ocrx_word' id='word_1_181' title='bbox 578 2114 666 2174; x_wconf 87' lang='lat' dir='ltr'><strong>armis</strong></span> <span class='ocrx_word' id='word_1_182' title='bbox 687 2133 755 2173; x_wconf 90' lang='lat' dir='ltr'><strong>cum</strong></span> <span class='ocrx_word' id='word_1_183' title='bbox 775 2115 861 2175; x_wconf 89' lang='lat' dir='ltr'><strong>hoste</strong></span> <span class='ocrx_word' id='word_1_184' title='bbox 880 2126 991 2176; x_wconf 88' lang='lat' dir='ltr'><strong>certare</strong></span> <span class='ocrx_word' id='word_1_185' title='bbox 1008 2136 1046 2175; x_wconf 93' lang='lat' dir='ltr'><strong>an</strong></span> <span class='ocrx_word' id='word_1_186' title='bbox 1067 2117 1206 2179; x_wconf 87' lang='lat' dir='ltr'><strong>venenis?</strong></span> 
     </span>
    </p>
   </div>
   <div class='ocr_carea' id='block_1_9' title="bbox 166 2211 1253 2486">
    <p class='ocr_par' dir='ltr' id='par_1_9' title="bbox 166 2211 1253 2486">
     <span class='ocr_line' id='line_1_21' title="bbox 166 2211 1253 2291; baseline -0.001 -18"><span class='ocrx_word' id='word_1_187' title='bbox 166 2212 197 2273; x_wconf 89' lang='lat' dir='ltr'><strong>Si</strong></span> <span class='ocrx_word' id='word_1_188' title='bbox 209 2213 318 2291; x_wconf 87' lang='lat' dir='ltr'><strong>gloriae</strong></span> <span class='ocrx_word' id='word_1_189' title='bbox 332 2233 420 2272; x_wconf 90' lang='lat' dir='ltr'><strong>causa</strong></span> <span class='ocrx_word' id='word_1_190' title='bbox 433 2211 588 2288; x_wconf 90' lang='lat' dir='ltr'><strong>imperium</strong></span> <span class='ocrx_word' id='word_1_191' title='bbox 609 2212 810 2287; x_wconf 87' lang='lat' dir='ltr'><strong>expetundum</strong></span> <span class='ocrx_word' id='word_1_192' title='bbox 825 2223 877 2284; x_wconf 89' lang='lat' dir='ltr'><strong>est,</strong></span> <span class='ocrx_word' id='word_1_193' title='bbox 892 2214 987 2272; x_wconf 91' lang='lat' dir='ltr'><strong>scelus</strong></span> <span class='ocrx_word' id='word_1_194' title='bbox 1002 2213 1085 2286; x_wconf 89' lang='lat' dir='ltr'><strong>absit,</strong></span> <span class='ocrx_word' id='word_1_195' title='bbox 1100 2214 1131 2272; x_wconf 93' lang='lat' dir='ltr'><strong>in</strong></span> <span class='ocrx_word' id='word_1_196' title='bbox 1145 2233 1206 2290; x_wconf 93' lang='lat' dir='ltr'><strong>quo</strong></span> <span class='ocrx_word' id='word_1_197' title='bbox 1220 2235 1253 2272; x_wconf 63' lang='grc' dir='ltr'><strong>πο</strong></span> 
     </span>
     <span class='ocr_line' id='line_1_22' title="bbox 167 2308 1206 2390; baseline 0.001 -19"><span class='ocrx_word' id='word_1_198' title='bbox 167 2318 229 2373; x_wconf 84' lang='lat' dir='ltr'><strong>n&#39;on</strong></span> <span class='ocrx_word' id='word_1_199' title='bbox 242 2322 339 2390; x_wconf 89' lang='lat' dir='ltr'><strong>potest</strong></span> <span class='ocrx_word' id='word_1_200' title='bbox 353 2329 417 2371; x_wconf 93' lang='lat' dir='ltr'><strong>esse</strong></span> <span class='ocrx_word' id='word_1_201' title='bbox 430 2308 533 2386; x_wconf 88' lang='lat' dir='ltr'><strong>gloria:</strong></span> <span class='ocrx_word' id='word_1_202' title='bbox 556 2308 600 2367; x_wconf 90' lang='lat' dir='ltr'><strong>sin</strong></span> <span class='ocrx_word' id='word_1_203' title='bbox 615 2308 695 2384; x_wconf 88' lang='lat' dir='ltr'><strong>ipsae</strong></span> <span class='ocrx_word' id='word_1_204' title='bbox 707 2327 777 2384; x_wconf 91' lang='lat' dir='ltr'><strong>opes</strong></span> <span class='ocrx_word' id='word_1_205' title='bbox 788 2320 965 2385; x_wconf 89' lang='lat' dir='ltr'><strong>expetuntur</strong></span> <span class='ocrx_word' id='word_1_206' title='bbox 972 2329 1094 2386; x_wconf 93' lang='lat' dir='ltr'><strong>quoquo</strong></span> <span class='ocrx_word' id='word_1_207' title='bbox 1105 2312 1206 2387; x_wconf 93' lang='lat' dir='ltr'><strong>modo,</strong></span> 
     </span>
     <span class='ocr_line' id='line_1_23' title="bbox 415 2404 1207 2486; baseline 0.004 -22"><span class='ocrx_word' id='word_1_208' title='bbox 415 2425 476 2464; x_wconf 89' lang='lat' dir='ltr'><strong>non</strong></span> <span class='ocrx_word' id='word_1_209' title='bbox 489 2415 628 2481; x_wconf 90' lang='lat' dir='ltr'><strong>poterunt</strong></span> <span class='ocrx_word' id='word_1_210' title='bbox 641 2404 725 2464; x_wconf 91' lang='lat' dir='ltr'><strong>utiles</strong></span> <span class='ocrx_word' id='word_1_211' title='bbox 740 2424 804 2464; x_wconf 92' lang='lat' dir='ltr'><strong>esse</strong></span> <span class='ocrx_word' id='word_1_212' title='bbox 818 2425 887 2463; x_wconf 92' lang='lat' dir='ltr'><strong>cum</strong></span> <span class='ocrx_word' id='word_1_213' title='bbox 901 2405 1032 2466; x_wconf 85' lang='lat' dir='ltr'><strong>infamia.</strong></span> <span class='ocrx_word' id='word_1_214' title='bbox 1072 2409 1143 2467; x_wconf 91' lang='lat' dir='ltr'><strong>Non</strong></span> <span class='ocrx_word' id='word_1_215' title='bbox 1157 2408 1207 2486; x_wconf 88' lang='lat' dir='ltr'><strong>igi·</strong></span> 
     </span>
    </p>
   </div>
   <div class='ocr_carea' id='block_1_10' title="bbox 166 2472 1206 2580">
    <p class='ocr_par' dir='ltr' id='par_1_10' title="bbox 166 2472 1206 2580">
     <span class='ocr_line' id='line_1_24' title="bbox 166 2472 1206 2580; baseline 0.001 -17"><span class='ocrx_word' id='word_1_216' title='bbox 166 2472 376 2564; x_wconf 58' lang='lat' dir='ltr'><strong>nn¹1iniis⁵⁰uiftn¹2</strong></span> <span class='ocrx_word' id='word_1_217' title='bbox 414 2513 460 2560; x_wconf 89' lang='lat' dir='ltr'><strong>tur</strong></span> <span class='ocrx_word' id='word_1_218' title='bbox 476 2501 554 2560; x_wconf 90' lang='lat' dir='ltr'><strong>utilis</strong></span> <span class='ocrx_word' id='word_1_219' title='bbox 575 2501 625 2559; x_wconf 91' lang='lat' dir='ltr'><strong>illa</strong></span> <span class='ocrx_word' id='word_1_220' title='bbox 646 2502 678 2561; x_wconf 85' lang='lat'><strong>1.</strong></span> <span class='ocrx_word' id='word_1_221' title='bbox 703 2500 832 2577; x_wconf 91' lang='lat' dir='ltr'><strong>Philippi</strong></span> <span class='ocrx_word' id='word_1_222' title='bbox 853 2503 889 2576; x_wconf 89' lang='lat' dir='ltr'><strong>Q.</strong></span> <span class='ocrx_word' id='word_1_223' title='bbox 906 2503 937 2561; x_wconf 87' lang='lat' dir='ltr'><strong>F.</strong></span> <span class='ocrx_word' id='word_1_224' title='bbox 954 2503 1111 2563; x_wconf 89' lang='lat' dir='ltr'><strong>sententia:</strong></span> <span class='ocrx_word' id='word_1_225' title='bbox 1133 2523 1206 2580; x_wconf 89' lang='lat' dir='ltr'><strong>quas</strong></span> 
     </span>
    </p>
   </div>
   <div class='ocr_carea' id='block_1_11' title="bbox 165 2573 1206 2674">
    <p class='ocr_par' dir='ltr' id='par_1_11' title="bbox 165 2573 1206 2674">
     <span class='ocr_line' id='line_1_25' title="bbox 165 2573 843 2614; baseline -0.007 -1"><span class='ocrx_word' id='word_1_226' title='bbox 165 2573 377 2614; x_wconf 81' lang='lat' dir='ltr'><strong>matterosthetowns</strong></span> <span class='ocrx_word' id='word_1_227' title='bbox 434 2597 470 2609; x_wconf 85' lang='lat'><strong>··</strong></span> <span class='ocrx_word' id='word_1_228' title='bbox 838 2597 843 2608; x_wconf 91' lang='lat'><strong>.</strong></span> 
     </span>
     <span class='ocr_line' id='line_1_26' title="bbox 166 2599 1206 2674; baseline 0.003 -16"><span class='ocrx_word' id='word_1_229' title='bbox 166 2623 311 2667; x_wconf 52' lang='lat' dir='ltr'><strong>cassinenses</strong></span> <span class='ocrx_word' id='word_1_230' title='bbox 348 2623 377 2673; x_wconf 71' lang='lat' dir='ltr'><strong>by</strong></span> <span class='ocrx_word' id='word_1_231' title='bbox 414 2609 546 2657; x_wconf 81' lang='lat' dir='ltr'><strong>civitates</strong></span> <span class='ocrx_word' id='word_1_232' title='bbox 574 2600 607 2657; x_wconf 90' lang='lat' dir='ltr'><strong>L.</strong></span> <span class='ocrx_word' id='word_1_233' title='bbox 634 2599 713 2657; x_wconf 88' lang='lat' dir='ltr'><strong>Sulla</strong></span> <span class='ocrx_word' id='word_1_234' title='bbox 738 2617 864 2674; x_wconf 82' lang='lat' dir='ltr'><strong>pecunia</strong></span> <span class='ocrx_word' id='word_1_235' title='bbox 885 2610 1007 2674; x_wconf 88' lang='lat' dir='ltr'><strong>accepta</strong></span> <span class='ocrx_word' id='word_1_236' title='bbox 1031 2620 1066 2659; x_wconf 83' lang='lat' dir='ltr'><strong>ex</strong></span> <span class='ocrx_word' id='word_1_237' title='bbox 1088 2612 1206 2661; x_wconf 90' lang='lat' dir='ltr'><strong>senatus</strong></span> 
     </span>
    </p>
   </div>
   <div class='ocr_carea' id='block_1_12' title="bbox 165 2682 1250 3064">
    <p class='ocr_par' dir='ltr' id='par_1_12' title="bbox 165 2682 1250 3064">
     <span class='ocr_line' id='line_1_27' title="bbox 165 2682 1250 2775; baseline 0 -22"><span class='ocrx_word' id='word_1_238' title='bbox 165 2682 244 2715; x_wconf 57' lang='lat' dir='ltr'><strong>‘Um‘</strong></span> <span class='ocrx_word' id='word_1_239' title='bbox 414 2696 550 2755; x_wconf 88' lang='lat' dir='ltr'><strong>consulto</strong></span> <span class='ocrx_word' id='word_1_240' title='bbox 564 2695 751 2768; x_wconf 85' lang='lat' dir='ltr'><strong>liberavisset,</strong></span> <span class='ocrx_word' id='word_1_241' title='bbox 767 2706 799 2754; x_wconf 94' lang='lat' dir='ltr'><strong>ut</strong></span> <span class='ocrx_word' id='word_1_242' title='bbox 813 2715 865 2755; x_wconf 89' lang='lat' dir='ltr'><strong>eae</strong></span> <span class='ocrx_word' id='word_1_243' title='bbox 884 2715 981 2755; x_wconf 92' lang='lat' dir='ltr'><strong>rursus</strong></span> <span class='ocrx_word' id='word_1_244' title='bbox 995 2697 1150 2775; x_wconf 88' lang='lat' dir='ltr'><strong>vectigales</strong></span> <span class='ocrx_word' id='word_1_245' title='bbox 1164 2718 1207 2759; x_wconf 80' lang='lat' dir='ltr'><strong>es</strong></span> <span class='ocrx_word' id='word_1_246' title='bbox 1220 2717 1250 2767; x_wconf 81' lang='lat'><strong>25</strong></span> 
     </span>
     <span class='ocr_line' id='line_1_28' title="bbox 166 2790 1207 2870; baseline 0.007 -20"><span class='ocrx_word' id='word_1_247' title='bbox 166 2803 231 2852; x_wconf 91' lang='lat' dir='ltr'><strong>sent</strong></span> <span class='ocrx_word' id='word_1_248' title='bbox 245 2809 341 2868; x_wconf 89' lang='lat' dir='ltr'><strong>neque</strong></span> <span class='ocrx_word' id='word_1_249' title='bbox 355 2790 389 2850; x_wconf 94' lang='lat' dir='ltr'><strong>iis</strong></span> <span class='ocrx_word' id='word_1_250' title='bbox 403 2793 568 2868; x_wconf 88' lang='lat' dir='ltr'><strong>pecuniam,</strong></span> <span class='ocrx_word' id='word_1_251' title='bbox 584 2813 674 2869; x_wconf 91' lang='lat' dir='ltr'><strong>quam</strong></span> <span class='ocrx_word' id='word_1_252' title='bbox 688 2812 741 2870; x_wconf 89' lang='lat' dir='ltr'><strong>pro</strong></span> <span class='ocrx_word' id='word_1_253' title='bbox 755 2792 888 2853; x_wconf 89' lang='lat' dir='ltr'><strong>libertate</strong></span> <span class='ocrx_word' id='word_1_254' title='bbox 907 2793 1058 2866; x_wconf 89' lang='lat' dir='ltr'><strong>dederant,</strong></span> <span class='ocrx_word' id='word_1_255' title='bbox 1073 2796 1207 2857; x_wconf 92' lang='lat' dir='ltr'><strong>reddere·</strong></span> 
     </span>
     <span class='ocr_line' id='line_1_29' title="bbox 166 2886 1205 2966; baseline 0.005 -21"><span class='ocrx_word' id='word_1_256' title='bbox 166 2907 238 2946; x_wconf 93' lang='lat' dir='ltr'><strong>mus.</strong></span> <span class='ocrx_word' id='word_1_257' title='bbox 283 2886 319 2946; x_wconf 88' lang='lat' dir='ltr'><strong>Ei</strong></span> <span class='ocrx_word' id='word_1_258' title='bbox 347 2898 466 2947; x_wconf 88' lang='lat' dir='ltr'><strong>senatus</strong></span> <span class='ocrx_word' id='word_1_259' title='bbox 494 2898 538 2948; x_wconf 90' lang='lat' dir='ltr'><strong>est</strong></span> <span class='ocrx_word' id='word_1_260' title='bbox 565 2906 707 2948; x_wconf 83' lang='lat' dir='ltr'><strong>assensus</strong></span> <span class='ocrx_word' id='word_1_261' title='bbox 750 2890 850 2964; x_wconf 90' lang='lat' dir='ltr'><strong>Turpe</strong></span> <span class='ocrx_word' id='word_1_262' title='bbox 878 2888 1013 2965; x_wconf 89' lang='lat' dir='ltr'><strong>imperio:</strong></span> <span class='ocrx_word' id='word_1_263' title='bbox 1048 2889 1205 2966; x_wconf 90' lang='lat' dir='ltr'><strong>piratarum</strong></span> 
     </span>
     <span class='ocr_line' id='line_1_30' title="bbox 166 2983 1206 3064; baseline 0.004 -20"><span class='ocrx_word' id='word_1_264' title='bbox 166 2983 245 3044; x_wconf 88' lang='lat' dir='ltr'><strong>enim</strong></span> <span class='ocrx_word' id='word_1_265' title='bbox 268 2983 370 3043; x_wconf 93' lang='lat' dir='ltr'><strong>melior</strong></span> <span class='ocrx_word' id='word_1_266' title='bbox 390 2984 464 3044; x_wconf 86' lang='lat' dir='ltr'><strong>fides</strong></span> <span class='ocrx_word' id='word_1_267' title='bbox 489 3004 577 3064; x_wconf 89' lang='lat' dir='ltr'><strong>quam</strong></span> <span class='ocrx_word' id='word_1_268' title='bbox 600 2996 724 3045; x_wconf 89' lang='lat' dir='ltr'><strong>senatus.</strong></span> <span class='ocrx_word' id='word_1_269' title='bbox 770 2987 824 3043; x_wconf 82' lang='lat' dir='ltr'><strong>‘At</strong></span> <span class='ocrx_word' id='word_1_270' title='bbox 847 2996 933 3044; x_wconf 89' lang='lat' dir='ltr'><strong>aucta</strong></span> <span class='ocrx_word' id='word_1_271' title='bbox 952 2985 1112 3063; x_wconf 86' lang='lat' dir='ltr'><strong>vectigalia,</strong></span> <span class='ocrx_word' id='word_1_272' title='bbox 1134 2987 1206 3049; x_wconf 87' lang='lat' dir='ltr'><strong>utile</strong></span> 
     </span>
    </p>
   </div>
   <div class='ocr_carea' id='block_1_13' title="bbox 166 3079 1209 3159">
    <p class='ocr_par' dir='ltr' id='par_1_13' title="bbox 166 3079 1209 3159">
     <span class='ocr_line' id='line_1_31' title="bbox 166 3079 1209 3159; baseline 0.004 -20"><span class='ocrx_word' id='word_1_273' title='bbox 166 3079 269 3157; x_wconf 63' lang='lat' dir='ltr'><strong>igitur?</strong></span> <span class='ocrx_word' id='word_1_274' title='bbox 310 3081 474 3157; x_wconf 88' lang='lat' dir='ltr'><strong>Quousque</strong></span> <span class='ocrx_word' id='word_1_275' title='bbox 488 3082 638 3141; x_wconf 89' lang='lat' dir='ltr'><strong>audebunt</strong></span> <span class='ocrx_word' id='word_1_276' title='bbox 653 3081 751 3142; x_wconf 92' lang='lat' dir='ltr'><strong>dicere</strong></span> <span class='ocrx_word' id='word_1_277' title='bbox 771 3081 929 3158; x_wconf 89' lang='lat' dir='ltr'><strong>quicquam</strong></span> <span class='ocrx_word' id='word_1_278' title='bbox 951 3082 1031 3157; x_wconf 89' lang='lat' dir='ltr'><strong>utile,</strong></span> <span class='ocrx_word' id='word_1_279' title='bbox 1048 3084 1130 3159; x_wconf 94' lang='lat' dir='ltr'><strong>quod</strong></span> <span class='ocrx_word' id='word_1_280' title='bbox 1143 3096 1209 3145; x_wconf 88' lang='lat' dir='ltr'><strong>non&#39;·</strong></span> 
     </span>
    </p>
   </div>
   <div class='ocr_carea' id='block_1_14' title="bbox 115 3176 1252 3263">
    <p class='ocr_par' dir='ltr' id='par_1_14' title="bbox 115 3176 1252 3263">
     <span class='ocr_line' id='line_1_32' title="bbox 115 3176 1252 3263; baseline 0.003 -30"><span class='ocrx_word' id='word_1_281' title='bbox 115 3177 117 3180; x_wconf 73' lang='grc'>’</span> <span class='ocrx_word' id='word_1_282' title='bbox 167 3176 343 3235; x_wconf 85' lang='lat' dir='ltr'><strong>honestum?</strong></span> <span class='ocrx_word' id='word_1_283' title='bbox 384 3179 429 3236; x_wconf 92' lang='lat'><strong>88.</strong></span> <span class='ocrx_word' id='word_1_284' title='bbox 464 3178 566 3237; x_wconf 90' lang='lat' dir='ltr'><strong>Potest</strong></span> <span class='ocrx_word' id='word_1_285' title='bbox 584 3189 684 3238; x_wconf 91' lang='lat' dir='ltr'><strong>autem</strong></span> <span class='ocrx_word' id='word_1_286' title='bbox 703 3178 754 3237; x_wconf 91' lang='lat' dir='ltr'><strong>ulli</strong></span> <span class='ocrx_word' id='word_1_287' title='bbox 768 3177 900 3254; x_wconf 89' lang='lat' dir='ltr'><strong>imperio,</strong></span> <span class='ocrx_word' id='word_1_288' title='bbox 916 3181 998 3263; x_wconf 88' lang='lat' dir='ltr'><strong>quod</strong></span> <span class='ocrx_word' id='word_1_289' title='bbox 1011 3179 1103 3263; x_wconf 85' lang='lat' dir='ltr'><strong>gloria</strong></span> <span class='ocrx_word' id='word_1_290' title='bbox 1116 3180 1206 3243; x_wconf 91' lang='lat' dir='ltr'><strong>debet</strong></span> <span class='ocrx_word' id='word_1_291' title='bbox 1219 3201 1252 3251; x_wconf 80' lang='lat'><strong>30</strong></span> 
     </span>
    </p>
   </div>
   <div class='ocr_carea' id='block_1_15' title="bbox 165 3263 1293 3739">
    <p class='ocr_par' dir='ltr' id='par_1_15' title="bbox 166 3263 1207 3359">
     <span class='ocr_line' id='line_1_33' title="bbox 166 3263 1207 3359; baseline 0.004 -29"><span class='ocrx_word' id='word_1_292' title='bbox 166 3273 272 3332; x_wconf 85' lang='lat' dir='ltr'><strong>fultum</strong></span> <span class='ocrx_word' id='word_1_293' title='bbox 286 3292 350 3333; x_wconf 91' lang='lat' dir='ltr'><strong>esse</strong></span> <span class='ocrx_word' id='word_1_294' title='bbox 363 3283 393 3332; x_wconf 90' lang='lat' dir='ltr'><strong>et</strong></span> <span class='ocrx_word' id='word_1_295' title='bbox 406 3263 611 3346; x_wconf 86' lang='lat' dir='ltr'><strong>benevolentia</strong></span> <span class='ocrx_word' id='word_1_296' title='bbox 629 3273 784 3347; x_wconf 90' lang='lat' dir='ltr'><strong>sociorum,</strong></span> <span class='ocrx_word' id='word_1_297' title='bbox 801 3273 874 3359; x_wconf 84' lang='lat' dir='ltr'><strong>utile</strong></span> <span class='ocrx_word' id='word_1_298' title='bbox 890 3293 954 3334; x_wconf 92' lang='lat' dir='ltr'><strong>esse</strong></span> <span class='ocrx_word' id='word_1_299' title='bbox 972 3274 1075 3335; x_wconf 91' lang='lat' dir='ltr'><strong>odium</strong></span> <span class='ocrx_word' id='word_1_300' title='bbox 1092 3285 1122 3334; x_wconf 92' lang='lat' dir='ltr'><strong>et</strong></span> <span class='ocrx_word' id='word_1_301' title='bbox 1135 3275 1207 3335; x_wconf 83' lang='lat' dir='ltr'><strong>insa-</strong></span> 
     </span>
    </p>

    <p class='ocr_par' dir='ltr' id='par_1_16' title="bbox 165 3367 1293 3739">
     <span class='ocr_line' id='line_1_34' title="bbox 263 3367 1207 3469; baseline 0.007 -45"><span class='ocrx_word' id='word_1_302' title='bbox 263 3427 281 3469; x_wconf 68' lang='lat' dir='ltr'>C</span> <span class='ocrx_word' id='word_1_303' title='bbox 368 3427 379 3468; x_wconf 81' lang='lat' dir='ltr'><strong>t</strong></span> <span class='ocrx_word' id='word_1_304' title='bbox 413 3367 491 3428; x_wconf 87' lang='lat' dir='ltr'><strong>mia?</strong></span> <span class='ocrx_word' id='word_1_305' title='bbox 530 3370 595 3453; x_wconf 86' lang='lat' dir='ltr'><strong>Ego</strong></span> <span class='ocrx_word' id='word_1_306' title='bbox 615 3369 705 3428; x_wconf 93' lang='lat' dir='ltr'><strong>etiam</strong></span> <span class='ocrx_word' id='word_1_307' title='bbox 726 3388 794 3428; x_wconf 88' lang='lat' dir='ltr'><strong>cum</strong></span> <span class='ocrx_word' id='word_1_308' title='bbox 816 3371 931 3430; x_wconf 86' lang='lat' dir='ltr'><strong>Catone</strong></span> <span class='ocrx_word' id='word_1_309' title='bbox 952 3389 1020 3430; x_wconf 92' lang='lat' dir='ltr'><strong>meo</strong></span> <span class='ocrx_word' id='word_1_310' title='bbox 1041 3389 1128 3446; x_wconf 89' lang='lat' dir='ltr'><strong>saepe</strong></span> <span class='ocrx_word' id='word_1_311' title='bbox 1148 3369 1207 3432; x_wconf 88' lang='lat' dir='ltr'><strong>dis·</strong></span> 
     </span>
     <span class='ocr_line' id='line_1_35' title="bbox 166 3439 1208 3566; baseline 0.008 -45"><span class='ocrx_word' id='word_1_312' title='bbox 166 3439 262 3566; x_wconf 59' lang='lat' dir='ltr'><strong>ciiisin</strong></span> <span class='ocrx_word' id='word_1_313' title='bbox 275 3440 376 3566; x_wconf 55' lang='lat' dir='ltr'><strong>tisSeema‘t&#39;·</strong></span> <span class='ocrx_word' id='word_1_314' title='bbox 413 3464 498 3524; x_wconf 91' lang='lat' dir='ltr'><strong>sensi.</strong></span> <span class='ocrx_word' id='word_1_315' title='bbox 542 3453 731 3525; x_wconf 50' lang='lat' dir='ltr'><strong>Nimis&#39;mihi</strong></span> <span class='ocrx_word' id='word_1_316' title='bbox 751 3469 911 3543; x_wconf 88' lang='lat' dir='ltr'><strong>praefracte</strong></span> <span class='ocrx_word' id='word_1_317' title='bbox 932 3467 1085 3539; x_wconf 86' lang='lat' dir='ltr'><strong>videbatur</strong></span> <span class='ocrx_word' id='word_1_318' title='bbox 1104 3455 1208 3529; x_wconf 85' lang='lat' dir='ltr'><strong>aerari-</strong></span> 
     </span>
     <span class='ocr_line' id='line_1_36' title="bbox 165 3527 1293 3645; baseline 0.009 -29"><span class='ocrx_word' id='word_1_319' title='bbox 165 3527 377 3628; x_wconf 49' lang='lat' dir='ltr'><strong>ii&#39;ise‘hssubiiemiffi</strong></span> <span class='ocrx_word' id='word_1_320' title='bbox 414 3581 465 3620; x_wconf 90' lang='lat' dir='ltr'><strong>um</strong></span> <span class='ocrx_word' id='word_1_321' title='bbox 489 3562 699 3639; x_wconf 87' lang='lat' dir='ltr'><strong>vectigaliaque</strong></span> <span class='ocrx_word' id='word_1_322' title='bbox 724 3564 891 3636; x_wconf 86' lang='lat' dir='ltr'><strong>defendere,</strong></span> <span class='ocrx_word' id='word_1_323' title='bbox 915 3563 1015 3640; x_wconf 86' lang='lat' dir='ltr'><strong>omnia</strong></span> <span class='ocrx_word' id='word_1_324' title='bbox 1042 3565 1205 3645; x_wconf 85' lang='lat' dir='ltr'><strong>publicanis</strong></span> <span class='ocrx_word' id='word_1_325' title='bbox 1290 3607 1293 3610; x_wconf 89' lang='lat'><em>-</em></span> 
     </span>
     <span class='ocr_line' id='line_1_37' title="bbox 166 3639 1248 3739; baseline 0.012 -24"><span class='ocrx_word' id='word_1_326' title='bbox 166 3639 240 3670; x_wconf 55' lang='lat'><strong>“⁰¹¹²</strong></span> <span class='ocrx_word' id='word_1_327' title='bbox 413 3678 528 3738; x_wconf 83' lang='lat' dir='ltr'><strong>negare,</strong></span> <span class='ocrx_word' id='word_1_328' title='bbox 550 3662 643 3720; x_wconf 88' lang='lat' dir='ltr'><strong>multa</strong></span> <span class='ocrx_word' id='word_1_329' title='bbox 659 3660 755 3732; x_wconf 90' lang='lat' dir='ltr'><strong>sociis,</strong></span> <span class='ocrx_word' id='word_1_330' title='bbox 777 3657 847 3738; x_wconf 81' lang='lat' dir='ltr'><strong>curn</strong></span> <span class='ocrx_word' id='word_1_331' title='bbox 867 3661 898 3719; x_wconf 94' lang='lat' dir='ltr'><strong>in</strong></span> <span class='ocrx_word' id='word_1_332' title='bbox 919 3663 973 3722; x_wconf 89' lang='lat' dir='ltr'><strong>hos</strong></span> <span class='ocrx_word' id='word_1_333' title='bbox 995 3661 1120 3739; x_wconf 78' lang='lat' dir='ltr'><strong>benefici</strong></span> <span class='ocrx_word' id='word_1_334' title='bbox 1140 3681 1205 3724; x_wconf 88' lang='lat' dir='ltr'><strong>esse</strong></span> <span class='ocrx_word' id='word_1_335' title='bbox 1219 3681 1248 3730; x_wconf 82' lang='lat'><strong>35</strong></span> 
     </span>
    </p>
   </div>
   <div class='ocr_carea' id='block_1_16' title="bbox 167 3748 1206 3945">
    <p class='ocr_par' dir='ltr' id='par_1_17' title="bbox 167 3748 1206 3945">
     <span class='ocr_line' id='line_1_38' title="bbox 167 3748 1206 3832; baseline 0.01 -24"><span class='ocrx_word' id='word_1_336' title='bbox 167 3748 351 3830; x_wconf 84' lang='lat' dir='ltr'><strong>deberemus,</strong></span> <span class='ocrx_word' id='word_1_337' title='bbox 365 3769 434 3811; x_wconf 90' lang='lat' dir='ltr'><strong>cum</strong></span> <span class='ocrx_word' id='word_1_338' title='bbox 454 3753 510 3814; x_wconf 89' lang='lat' dir='ltr'><strong>illis</strong></span> <span class='ocrx_word' id='word_1_339' title='bbox 531 3754 573 3830; x_wconf 90' lang='lat' dir='ltr'><strong>sic</strong></span> <span class='ocrx_word' id='word_1_340' title='bbox 593 3774 687 3832; x_wconf 85' lang='lat' dir='ltr'><strong>agere,</strong></span> <span class='ocrx_word' id='word_1_341' title='bbox 702 3766 735 3814; x_wconf 94' lang='lat' dir='ltr'><strong>ut</strong></span> <span class='ocrx_word' id='word_1_342' title='bbox 753 3774 821 3814; x_wconf 93' lang='lat' dir='ltr'><strong>cum</strong></span> <span class='ocrx_word' id='word_1_343' title='bbox 838 3756 952 3816; x_wconf 90' lang='lat' dir='ltr'><strong>colonis</strong></span> <span class='ocrx_word' id='word_1_344' title='bbox 973 3756 1079 3816; x_wconf 89' lang='lat' dir='ltr'><strong>nostris</strong></span> <span class='ocrx_word' id='word_1_345' title='bbox 1100 3757 1206 3818; x_wconf 89' lang='lat' dir='ltr'><strong>solere-</strong></span> 
     </span>
     <span class='ocr_line' id='line_1_39' title="bbox 232 3878 1136 3945; baseline 0.006 -17"><span class='ocrx_word' id='word_1_346' title='bbox 232 3893 262 3928; x_wconf 76' lang='grc' dir='ltr'><strong>ιο</strong></span> <span class='ocrx_word' id='word_1_347' title='bbox 278 3878 341 3928; x_wconf 82' lang='lat' dir='ltr'><strong>clem</strong></span> <span class='ocrx_word' id='word_1_348' title='bbox 351 3881 412 3929; x_wconf 72' lang='lat' dir='ltr'><strong>delet</strong></span> <span class='ocrx_word' id='word_1_349' title='bbox 423 3883 528 3943; x_wconf 79' lang='lat' dir='ltr'><strong>Cobetus,</strong></span> <span class='ocrx_word' id='word_1_350' title='bbox 540 3884 635 3932; x_wconf 75' lang='lat' dir='ltr'><strong>seclusit</strong></span> <span class='ocrx_word' id='word_1_351' title='bbox 644 3884 685 3932; x_wconf 87' lang='lat' dir='ltr'><strong>Ba</strong></span> <span class='ocrx_word' id='word_1_352' title='bbox 719 3887 729 3941; x_wconf 82' lang='grc' dir='ltr'><strong>ΙΙ</strong></span> <span class='ocrx_word' id='word_1_353' title='bbox 766 3882 796 3945; x_wconf 77' lang='lat'><strong>36</strong></span> <span class='ocrx_word' id='word_1_354' title='bbox 812 3884 919 3933; x_wconf 89' lang='lat' dir='ltr'><strong>solemus</strong></span> <span class='ocrx_word' id='word_1_355' title='bbox 933 3885 969 3933; x_wconf 89' lang='lat' dir='ltr'><strong>Or</strong></span> <span class='ocrx_word' id='word_1_356' title='bbox 978 3892 1062 3933; x_wconf 82' lang='lat' dir='ltr'><strong>contra</strong></span> <span class='ocrx_word' id='word_1_357' title='bbox 1072 3885 1136 3933; x_wconf 82' lang='lat' dir='ltr'><strong>codd.</strong></span> 
     </span>
    </p>
   </div>
   <div class='ocr_carea' id='block_1_17' title="bbox 0 0 1344 4296">
    <p class='ocr_par' dir='ltr' id='par_1_18' title="bbox 0 0 1344 4296">
     <span class='ocr_line' id='line_1_40' title="bbox 0 0 1344 4296; baseline 0 0"><span class='ocrx_word' id='word_1_358' title='bbox 0 0 1344 4296; x_wconf 95' lang='lat' dir='ltr'><strong> </strong></span> 
     </span>
    </p>
   </div>
  </div>
 </body>
</html>
