2670 4296
186 217 222 270 ¹4
414 199 464 257 De
480 198 595 256 securrdo
614 197 789 274 ffcr’isonte·
800 197 863 256 sive
877 189 996 256 Iustitr'a
1105 192 1135 278 [1
1148 214 1173 256 x
1186 215 1225 273 33

183 306 1251 333 „d-——b-——ffl

182 357 344 448 mmloegf’m
357 355 393 398 ‘¹¹⁸
431 359 565 420 Theseus
583 358 754 436 Hippolyto
765 355 827 418 olio
845 377 906 418 non
918 367 996 419 esset
1010 354 1137 420 orbatus.¹
1180 361 1227 420 Ex

182 421 294 459 Μ’
429 455 521 517 tribus
544 453 624 516 enim
651 449 768 530 optatis,
789 464 823 514 ut
849 452 991 526 scribitur,
1012 453 1071 512 hoc
1090 464 1152 514 erat
1171 464 1227 515 ter·

182 551 264 625 tium,
279 553 361 629 quod
376 552 414 611 de
429 547 587 626 Hippolyti
603 544 721 607 interitu
735 547 824 607 iratus
838 546 971 624 optavit:
991 565 1051 623 quo
1069 546 1225 624 impetrato

181 645 213 704 in
226 646 370 705 maximos
383 647 478 704 luctus
495 643 607 702 incidit.
649 645 715 703 Nec
733 642 877 720 promissa
894 641 980 720 igitur
998 644 1141 703 servanda
1156 654 1225 704 sunt

181 761 313 818 eaquae
334 740 446 802 sintiis
467 740 575 817 quibus
600 737 766 816 promiseris
793 739 915 813 inutilia,
943 759 1007 813 nec,
1031 739 1056 799 si
1082 741 1148 817 plus
1169 739 1224 800 tibi
1251 764 1265 815 5

99 828 106 843 ⁸
180 857 218 898 ea
230 848 357 898 noceant
371 857 460 914 quam
474 835 516 896 illi
529 836 640 913 prosint
654 835 703 895 cui
718 835 893 912 promiseris,
908 847 1011 896 contra
1029 836 1158 896 officium
1178 848 1223 897 est

180 933 275 994 maius
288 933 429 1010 anteponi
442 927 556 1007 minori,
571 943 612 1005 ut,
627 931 652 992 si
665 931 849 991 constitueris
862 931 990 1008 cuipiam
1004 944 1033 992 te
1047 934 1223 993 advocatum

180 1028 211 1088 in
224 1050 287 1090 rem
300 1036 484 1106 praesentem
497 1048 561 1089 esse
576 1039 729 1088 venturum
743 1039 831 1105 atque
851 1027 967 1088 interim
984 1029 1108 1106 graviter
1125 1048 1223 1106 aegro

180 1137 241 1186 tare
262 1126 339 1186 filius
362 1125 500 1201 eoeperit,
523 1144 584 1184 non
608 1123 644 1184 sit
665 1135 771 1184 'contra
790 1124 919 1184 officium
939 1144 1000 1184 non
1024 1126 1119 1185 lacere
1139 1126 1222 1202 quod

179 1222 295 1295 dixeriS,
317 1221 467 1298 magisque
487 1220 545 1293 ille,
566 1220 615 1279 cui
638 1219 814 1296 promissum
835 1219 880 1293 sit,
900 1221 939 1280 ab
961 1220 1057 1281 officio
1078 1216 1219 1295 discedat,
1234 1248 1263 1281 ro

425 1317 450 1378 si
470 1337 502 1378 se
522 1316 695 1377 destitutum
715 1328 859 1394 queratur.
902 1319 968 1377 lam
986 1317 1045 1378 illis
1070 1317 1219 1394 promissis

177 1397 393 1492 gfflffldss}
426 1416 565 1475 standum
583 1433 645 1473 non
661 1433 726 1474 esse
742 1413 808 1491 quis
824 1433 885 1473 non
901 1414 990 1489 videt,
1006 1434 1081 1492 quae
1099 1426 1220 1476 coactus

177 1497 389 1593 ζξῗξῑὼὼωὼ·
427 1511 492 1587 quis
506 1521 596 1583 metu,
611 1529 688 1586 quae
702 1511 842 1587 deceptus
857 1512 927 1571 dolo
940 1511 1123 1588 promiserit?
1142 1532 1219 1590 quae

421 1609 544 1686 quidem
563 1609 702 1686 pleraque
723 1608 785 1669 iure
804 1608 950 1686 praetorio
969 1609 1136 1686 liberantur,
1157 1631 1219 1672 non

170 1704 256 1766 llulla
269 1706 389 1784 legibus.
1230 1728 1260 1778 15

200 1849 388 1900 ,ujusfioeiwsten
486 1821 532 1877 33.
566 1800 717 1861 Exsistunt
731 1800 820 1862 etiam
834 1821 922 1878 saepe
936 1800 1057 1863 iniuriae
1071 1803 1218 1865 calumnia

138 1897 140 1902 ’
175 1900 391 1951 ‘¹⁰³⁶b52‘00ffl0‘
429 1902 557 1977 quadam
575 1911 605 1959 et
625 1899 712 1958 nimis
732 1898 847 1973 callida,
862 1900 916 1960 sed
929 1899 1075 1960 malitiosa
1093 1899 1161 1961 iuris
1175 1900 1217 1960 in-

174 1950 394 2060 lllssl‘ll‘nffdlf
429 1993 643 2071 terpretatione.
687 1995 732 2053 Ex
746 2013 806 2070 quo
814 1993 888 2054 illud
903 1997 1068 2054 ‘summum
1081 1995 1127 2056 ius
1140 2016 1217 2057 sum·

173 2064 228 2141 iiiii
239 2060 388 2142 dammi}
425 2111 475 2150 ma
488 2090 599 2149 iniuria'
613 2093 723 2149 factum
740 2100 784 2149 est
802 2089 861 2149 iam
882 2090 982 2150 tritum
999 2111 1134 2154 sermone
1151 2113 1217 2170 pro

173 2161 227 2192 ’ωε
240 2150 385 2192 ”dmm
424 2187 565 2247 verbium.
608 2187 677 2261 Quo
699 2186 730 2245 in
753 2177 859 2264 genere
883 2187 972 2247 etiam
995 2188 1026 2247 in
1046 2209 1077 2250 re
1097 2191 1259 2267 publicam

173 2284 265 2342 multa
285 2295 452 2360 peccantur,
466 2295 500 2343 ut
520 2283 577 2356 ille,
593 2283 652 2358 qui,
668 2302 737 2342 cum
757 2283 874 2360 triginta
894 2285 1008 2344 dierum
1028 2298 1125 2346 essent
1145 2307 1214 2348 cum

172 2380 256 2439 hoste
277 2379 407 2440 indutiae
428 2382 530 2452 saetae,
552 2390 642 2438 noctu
662 2380 857 2455 populabatur
875 2399 969 2456 agros,
991 2384 1072 2457 quod
1100 2383 1214 2443 diemm

172 2486 269 2534 essent
286 2486 398 2551 pactae,
414 2495 475 2534 non
494 2475 627 2534 noctium
645 2474 783 2535 indutiae.
827 2478 875 2535 Ne
888 2488 988 2536 noster
1008 2477 1129 2555 quidem
1148 2499 1215 2558 pro·

172 2571 296 2644 bandus,
318 2570 342 2629 si
362 2589 464 2630 verum
484 2581 528 2630 est
550 2571 586 2644 Q.
610 2570 735 2630 Fabium
754 2572 925 2632 Labeonem
943 2593 995 2633 seu
1014 2591 1103 2651 quem
1121 2574 1212 2636 alium

171 2665 284 2724 -nihil
310 2666 391 2726 enim
418 2667 515 2726 habeo
542 2677 656 2743 praeter
682 2667 996 2728 auditum—arbitrum
1030 2673 1154 2734 Nolanis
1181 2686 1212 2736 et
1225 2710 1254 2759 ²5

171 2761 374 2838 Neapolitanis
388 2763 426 2822 de
439 2762 546 2822 finibus
560 2783 578 2821 a
592 2774 694 2822 senatu
709 2765 819 2838 datum,
831 2783 899 2823 cum
910 2766 949 2825 ad
962 2767 1061 2826 locum
1074 2770 1208 2844 venisset,

169 2877 238 2918 cum
258 2857 389 2935 utrisque
409 2858 564 2935 separatim
584 2861 725 2932 locutum,
746 2879 785 2920 ne
805 2860 912 2937 cupide
932 2861 1005 2937 quid
1024 2878 1150 2942 agerent,
1172 2887 1211 2927 ne

170 2966 349 3030 appetenter,
365 2966 453 3030 atque
466 2965 498 3014 ut
512 2954 624 3031 regredi
645 2974 734 3031 quam
755 2957 890 3033 progredi
911 2961 1040 3020 mallent.
1082 2963 1120 3022 Id
1140 2983 1210 3024 cum

169 3049 284 3126 utrique
298 3050 442 3123 fecissent,
456 3050 640 3126 aliquantum
653 3051 714 3128 agri
727 3051 758 3110 in
771 3053 872 3112 medio
882 3053 1014 3113 relictum
1029 3067 1080 3116 est.
1104 3060 1209 3136 Itaque

168 3143 284 3204 illorum
297 3145 363 3205 finis
377 3145 426 3218 sic,
441 3158 474 3205 ut
488 3146 544 3222 ipsi
557 3146 698 3220 dixerant,
713 3147 878 3208 terminavit
892 3169 898 3207 :
918 3148 949 3208 in
962 3151 1062 3212 medio
1076 3153 1209 3215 relictum
1221 3191 1255 3240 30

169 3241 251 3317 quod
265 3251 325 3300 erat
338 3244 450 3317 populo
464 3244 603 3302 Romano
623 3242 809 3304 adiudicavit
852 3245 997 3322 Decipere
1016 3249 1073 3308 hoc
1088 3250 1208 3326 quidem

167 3349 220 3411 est,
230 3357 291 3397 non
300 3337 436 3398 iudicare.
460 3339 607 3413 Quocirca
617 3339 648 3398 in
658 3340 740 3400 omni
753 3351 797 3400 est
805 3361 837 3401 re
851 3341 989 3418 fugienda
996 3344 1061 3404 talis
1072 3347 1207 3411 sollertia

111 3453 152 3504 χι
226 3435 301 3494 Sunt
315 3446 415 3494 autem
434 3436 581 3510 quaedam
598 3435 694 3495 officia
714 3435 803 3496 etiam
821 3439 959 3498 adversus
983 3459 1034 3500 eos
1056 3445 1206 3519 servanda,

166 3529 305 3608 aquibus
322 3529 458 3590 iniuriam
476 3531 630 3608 acceperis.
674 3534 728 3592 Est
744 3532 823 3592 enim
842 3533 1004 3595 ulciscendi
1019 3547 1049 3596 et
1064 3538 1208 3614 puniendi

65 3404 82 3433 lo

219 3755 247 3808 17
257 3745 328 3796 verba
344 3746 388 3796 sed
405 3746 529 3796 malitiosa
543 3747 650 3797 insa‘tr'cr'a
661 3756 755 3814 putant
770 3750 811 3800 Ba
827 3752 905 3800 Heine
919 3760 945 3803 et
964 3754 1086 3805 malitiosa
1104 3755 1146 3806 lu
1161 3757 1209 3807 alst

169 3828 225 3888 πη
235 3833 263 3876 ut
273 3841 306 3878 ne
319 3827 385 3877 OrZ
390 3846 397 3878 r
408 3843 439 3878 ne
447 3829 488 3877 Ba
498 3828 550 3877 Hei
558 3830 599 3878 Lu
628 3833 638 3888 l
664 3845 693 3894 3²
711 3830 816 3880 inomni
826 3847 853 3882 re
864 3832 980 3898 fugienda
990 3842 1027 3885 est
1041 3836 1112 3886 OrZ
1120 3845 1205 3888 contra

165 3908 232 3956 codd.
