2670 4296
197 235 237 297 30
534 225 709 283 Domesticae
717 224 904 299 sontiudz'nes
1061 220 1090 302 [I
1105 240 1188 283 xxur
1205 241 1242 299 79

193 386 376 465 triumphum
403 389 522 450 tertium
549 393 771 468 deportaturum
798 392 897 466 fuisse,
925 389 981 450 nisi
1015 409 1084 451 meo
1117 390 1150 450 in
1176 410 1240 450 rem

194 484 344 560 publicam
370 486 516 548 beneficio
543 488 595 549 ubi
621 488 813 566 triumpharet
839 499 917 549 esset
949 488 1109 548 habiturus.
1165 489 1241 548 Sunt

193 579 281 658 igitur
302 583 482 644 domesticae
504 586 689 647 fortitudines
717 607 778 647 non
805 586 955 646 inferiores
983 585 1173 646 militaribus:
1207 585 1240 644 in

193 678 301 755 quibus
322 681 388 757 plus
410 681 508 756 etiam,
524 703 615 760 quam
638 683 670 743 in
693 683 739 744 his
763 703 870 761 operae
894 682 1043 759 studiique
1064 682 1238 759 ponendum

193 784 247 833 est
1269 792 1283 838 5

83 875 179 927 XXIII
219 883 289 974 quoni
302 884 406 976 ufiretocqle
506 891 551 951 79.
592 875 725 937 Omnino
734 875 808 935 illud
817 875 985 947 honesturn,
997 875 1080 950 quod
1090 871 1235 934 exanimo

192 944 406 1035 ideniiiuihiiiro
442 971 559 1029 excelso
573 971 789 1047 magnificoque
804 969 980 1047 quaerimus,
993 968 1087 1027 animi
1101 968 1234 1042 efficitur,
1303 1013 1309 1024 .

191 1035 405 1133 diefiiii‘liiiii
442 1085 503 1124 non
518 1068 647 1144 corporis
666 1067 782 1128 viribus.
826 1067 1034 1126 Exercendum
1054 1078 1154 1126 tamen
1173 1085 1237 1125 cor-

191 1136 314 1176 sametimet
329 1136 404 1186 ebody
570 1163 576 1175 .
695 1164 700 1175 .
1054 1163 1060 1175 .
1185 1163 1191 1175 .
1206 1162 1212 1174 .

190 1184 404 1235 masticamus„-
442 1182 497 1240 pus
518 1175 548 1222 et
568 1175 609 1222 rta
626 1165 815 1223 afficiendum
832 1175 884 1236 est,
899 1175 932 1222 ut
953 1164 1093 1223 oboedire
1110 1166 1234 1225 consrho

191 1234 399 1286 edanddisciplined
488 1258 495 1270 ·
540 1260 545 1271 ·
699 1260 705 1272 ·
742 1261 748 1273 .
965 1260 971 1271 ·
1099 1260 1116 1272 ..
1204 1260 1211 1272 .

191 1284 405 1326 Inwmhewtsdom
442 1271 607 1336 ratlonlqlle
627 1273 720 1337 possit
740 1281 771 1320 ln
791 1261 987 1336 exsequendis
1008 1272 1133 1337 negotlls
1152 1271 1182 1321 ei
1203 1281 1233 1320 ln
1252 1278 1279 1313 ¹0

190 1335 215 1375 of
232 1336 267 1375 the
286 1335 404 1376 Statesmau
1091 1356 1098 1368 ο

189 1394 226 1425 „01
234 1385 276 1425 12„
284 1386 400 1425 influentip
441 1357 540 1417 labore
567 1359 728 1418 tolerando.
772 1361 943 1417 Honestum
966 1368 1065 1417 autem
1089 1358 1129 1431 rd,
1151 1358 1234 1434 quod

189 1435 400 1527 &metuente
438 1453 625 1530 exquirimus,
641 1465 736 1514 totum
757 1465 802 1514 est
822 1453 952 1531 positum
965 1454 1106 1513 inanimi
1120 1475 1189 1514 cura
1202 1468 1233 1517 et

188 1550 383 1629 cogitatione:
403 1550 435 1609 in
449 1570 509 1627 quo
524 1569 584 1609 non
601 1549 747 1610 minorem
765 1549 921 1609 utilitatem
934 1551 1058 1609 afferunt
1077 1549 1128 1626 qui
1141 1549 1232 1628 togati

187 1647 229 1707 rei
242 1647 377 1724 publicae
391 1658 530 1724 praesunt
544 1666 634 1722 quarn
653 1646 704 1722 qui
723 1647 834 1706 bellurn
850 1657 961 1723 gemnt
1005 1649 1109 1722 Itaque
1128 1666 1230 1707 eorum

186 1745 309 1805 consilio
330 1764 417 1820 saepe
438 1756 489 1803 aut
509 1763 570 1803 non
591 1755 727 1820 suscepta
746 1754 798 1803 aut
820 1745 954 1802 confecta
974 1743 1052 1803 bella
1072 1754 1148 1816 sunt,
1169 1763 1230 1803 non
1246 1773 1273 1822 ¹5

186 1861 349 1918 numquam
362 1841 451 1900 etiam
465 1840 563 1912 inlata,
575 1851 608 1899 ut
624 1842 665 1898 M.
684 1839 806 1900 Catonis
819 1839 930 1899 bellum
944 1839 1062 1899 tertium
1073 1839 1228 1914 Punicum,

185 1939 216 1998 in
230 1959 290 2015 quo
304 1938 394 1998 etiarn
407 1936 516 1996 mortui
529 1937 619 1996 valuit
638 1936 801 1996 auctoritas.
846 1939 893 1994 80.
929 1937 998 2011 Qua
1016 1957 1046 1997 re
1063 1939 1229 2013 expetenda

185 2036 308 2112 quidem
321 2035 413 2112 magis
432 2046 476 2094 est
494 2034 672 2093 decernendi
690 2033 764 2093 ratio
778 2053 868 2110 quam
888 2034 1057 2116 decertandi
1075 2034 1225 2108 fortitudo,
1291 2073 1296 2084 ·

184 2133 238 2192 sed
251 2131 417 2191 cavendum
431 2149 468 2189 ne
482 2129 514 2190 id
527 2129 657 2190 bellandi
671 2129 763 2205 magis
782 2131 851 2206 fuga
864 2148 954 2205 quam
968 2128 1100 2189 utilitatis
1114 2130 1226 2191 ratione

184 2227 333 2287 faciamus.
376 2227 492 2285 Bellum
505 2239 605 2286 autern
619 2226 659 2285 ita
673 2226 855 2303 suscipiatur,
870 2237 903 2286 ut
917 2226 989 2285 nihil
1004 2228 1084 2287 aliud
1098 2227 1154 2287 nisi
1167 2248 1226 2305 pax
1239 2253 1271 2288 ao

208 2369 226 2396 2,
253 2355 300 2396 Th,
315 2353 392 2395 „cond
431 2323 562 2399 quaesita
589 2323 729 2383 videatur.
777 2323 872 2383 Fortis
896 2343 965 2384 vero
987 2324 1077 2383 animi
1102 2336 1131 2385 et
1157 2345 1227 2385 con·

183 2404 338 2446 ⁰h³¹²⁰²⁶ff⁵²i⁰
370 2404 395 2444 ⁰s
431 2419 540 2483 stantis,
553 2430 598 2478 est
618 2439 679 2478 non
699 2418 860 2494 perturbari
881 2418 911 2478 in
932 2420 1018 2479 rebus
1039 2420 1148 2496 asperis
1169 2441 1225 2505 nec

185 2457 324 2504 Fortitude-,
346 2467 393 2504 per·

182 2503 393 2596 {io‘ffgsslffndffiwssffi
430 2517 658 2574 tumultuantem
686 2517 724 2574 de
751 2517 843 2592 gradu
870 2515 955 2587 deici,
979 2527 1011 2575 ut
1034 2516 1147 2590 dicitur,
1170 2519 1224 2577 sed

182 2604 392 2705 {ieffffffississssiydiii
429 2611 575 2688 praesenti
597 2612 696 2672 animo
720 2612 763 2672 uti
787 2623 816 2672 et
838 2613 962 2672 consilio
987 2633 1042 2673 nec
1066 2633 1084 2672 a
1110 2613 1223 2674 ratione

181 2703 392 2806 ffiagsuffgfftffdg
430 2709 587 2768 discedere.
631 2712 677 2766 81.
721 2710 910 2784 Quamquam
936 2710 995 2767 hoc
1022 2708 1120 2782 animi,
1148 2709 1265 2770 illudas

180 2802 393 2894 β’θᾶῑδνῑῄξέῆὲὴῑ·
430 2804 519 2863 etiarn
539 2802 648 2879 ingenii
668 2803 766 2880 magni
786 2815 838 2876 est,
858 2803 1024 2880 praecipere
1044 2804 1222 2881 cogitatione

181 2869 217 2906 lllg
226 2869 284 2896 oneo
323 2867 334 2893 θ
347 2861 392 2892 east

179 2905 391 2996 333⁵}thqu
429 2904 525 2960 sutura
545 2911 574 2958 et
595 2899 745 2974 aliquanto
766 2911 834 2958 ante
854 2898 1039 2972 constituere,
1055 2899 1127 2975 quid
1147 2899 1222 2959 acci-

178 3006 236 3046 ratu
245 3005 327 3046 action:
428 2998 497 3056 dere
511 2993 602 3070 possit
611 2993 642 3051 in
655 3004 809 3069 utramque
823 3005 935 3069 partem
946 3005 975 3054 et
989 2993 1062 3071 quid
1072 2995 1220 3070 agendum

177 3097 222 3170 sit,
238 3116 306 3155 cum
321 3095 393 3171 quid
406 3091 544 3163 evenerit,
559 3109 614 3149 nec
631 3089 814 3150 committere
828 3102 860 3149 ut
878 3090 1037 3166 aliquando
1058 3090 1218 3150 dicendum

177 3194 215 3253 sit
230 3198 238 3226 ‘
246 3196 274 3253 N
278 3213 316 3253 on
330 3191 481 3269 putaram)
524 3190 611 3246 Haec
625 3198 693 3246 sunt
708 3206 797 3262 opera
810 3186 909 3264 magni
919 3187 1009 3244 animi
1023 3199 1052 3246 et
1066 3186 1174 3246 excelsi
1187 3199 1217 3248 et
1230 3205 1262 3252 50

175 3289 331 3368 prudentia
349 3285 531 3360 consilioque
548 3281 673 3341 fidentis.
716 3284 841 3342 Temere
858 3293 956 3341 autem
978 3282 1008 3340 in
1029 3282 1091 3343 acie
1110 3284 1217 3343 versari

174 3399 205 3448 et
225 3406 315 3445 manu
334 3404 404 3444 cum
424 3384 509 3442 hoste
530 3380 685 3456 confligere
707 3379 835 3438 immane
850 3379 992 3454 quiddam
1013 3391 1042 3440 et
1062 3380 1215 3440 beluarum

175 3483 268 3547 simile
289 3493 333 3542 est
344 3501 353 3553 ;
374 3480 427 3539 sed
445 3496 514 3536 cum
535 3486 651 3552 tempus
672 3475 888 3551 necessitasque
908 3478 1045 3552 postulat,
1067 3477 1216 3538 decertan-

175 3581 247 3640 dum
265 3598 355 3638 manu
375 3588 420 3636 est
439 3588 468 3636 et
490 3595 568 3634 mors
590 3573 720 3634 servituti
744 3572 975 3649 turpitudinique
997 3575 1212 3650 anteponenda.

68 3683 161 3736 XXIV
307 3736 313 3747 ‚
420 3675 466 3731 82.
504 3674 551 3730 De
563 3670 727 3730 evertendis
741 3681 840 3730 autem
849 3670 1078 3746 diripiendisque
1093 3672 1213 3732 urbibus
1226 3694 1256 3742 35

173 3738 214 3780 ⁸¹¹⁶
227 3737 379 3788 “imm
418 3767 504 3827 valde
531 3765 779 3825 considerandum
806 3777 910 3826 estne
933 3765 1005 3842 quid
1032 3778 1150 3840 temere,
1174 3789 1212 3830 nc

578 3893 605 3927 ar
625 3879 700 3926 animi
711 3894 757 3926 otri.
773 3879 809 3927 Or
