2670 4296
142 205 265 263 Ixxx11
284 202 350 286 118]
413 213 535 266 naturae
552 211 782 270 conseruationem
799 213 920 287 perornet
1142 237 1184 293 43
1212 202 1215 207 ¹

140 391 351 452 cporceoraprotes.
389 372 438 431 alii
452 375 491 434 ad
505 376 704 451 eloquentiam
720 378 877 454 applicant,
894 380 1081 458 ipsarumque
1099 383 1186 445 virtu·

139 445 352 535 lll‘to‘lllii'lliiss
389 480 452 529 tum
466 469 497 529 in
511 470 568 530 alia
580 471 653 550 alius
666 475 778 532 mavult
791 477 940 535 excellere
971 477 1105 550 Quomm
1115 499 1185 541 vero

140 543 232 584 fathers:
245 557 303 584 some
317 559 350 585 as·
626 568 632 580 ·
747 570 752 581 ·
896 571 902 583 ·
1035 572 1041 585 .
1166 576 1183 590 ..

140 594 184 644 pire
199 602 221 634 ιο
232 594 272 634 fise
286 595 352 636 above
389 578 485 644 patres
504 579 556 627 aut
575 588 700 629 maloleS
716 571 816 645 allqlla
831 573 923 648 glorla
935 585 1148 649 praeSiltel‘llnt,
1163 596 1185 636 11

139 644 353 746 ‘dfiifflssssfflss
388 666 510 726 student
519 668 692 744 plemmque
703 670 810 728 eodem
819 669 850 728 in
863 690 970 748 genere
983 672 1079 732 laudis
1092 677 1187 734 excel·

93 790 97 799 =
138 742 198 786 Μ
387 768 456 830 lere,
486 775 519 824 ut
534 766 570 840 Q.
588 765 706 824 Mucius
721 766 824 825 P.s.in
837 767 899 828 iure
913 769 998 843 civili,
1010 771 1094 830 Pauli
1108 771 1184 832 filius
1213 800 1226 848 5

138 859 293 921 Africanus
312 859 343 921 in
360 881 392 922 re
414 860 538 946 militari.
582 861 712 936 Quidam
734 874 833 922 autem
855 867 895 925 ad
916 885 966 926 eas
984 857 1095 940 lau'des,
1111 887 1184 945 quas

138 957 299 1033 apatribus
317 969 501 1036 acceperunt,
515 959 630 1018 addunt
643 958 772 1034 aliquam
786 980 878 1034 suam,
893 973 926 1022 ut
943 962 992 1022 hic
1011 963 1091 1024 idem
1110 965 1184 1025 Afri·

137 1071 229 1112 canus
243 1054 411 1131 eloquentia
423 1054 583 1114 cumulavit
597 1053 733 1113 bellicam
746 1056 876 1134 gloriam,
904 1056 986 1131 quod
1010 1056 1090 1118 idem
1115 1060 1184 1120 fecit

139 1149 313 1210 Timotheus
341 1151 474 1212 Cononis
501 1151 586 1223 filius,
614 1151 675 1228 qui,
697 1170 766 1210 cum
786 1152 856 1213 belli
875 1154 964 1215 laude
984 1175 1046 1215 non
1066 1155 1185 1218 inferior

139 1245 241 1307 suisset
268 1267 358 1323 quam
384 1260 475 1326 pater,
503 1249 543 1307 ad
574 1266 640 1308 eam
673 1249 792 1330 laudem
827 1249 977 1311 doctrinae
1011 1262 1041 1311 et
1074 1251 1183 1330 ingenii
1198 1273 1228 1308 ro

139 1343 262 1420 gloriam
289 1345 403 1406 adiecit.
448 1345 495 1405 Fit
522 1356 621 1405 autem
649 1345 796 1405 interdum
824 1358 856 1406 ut
884 1367 945 1407 non
972 1348 1046 1408 nulli
1062 1349 1183 1410 *omissa

139 1439 302 1500 imitatione
333 1441 477 1502 maiorum
511 1461 596 1501 suum
625 1443 777 1518 quoddam
807 1442 973 1503 institutum
1004 1465 1185 1522 consequan-

139 1548 194 1611 tur,
222 1537 408 1615 maximeque
435 1539 466 1599 in
490 1559 527 1600 eo
553 1542 727 1617 plemmque
760 1540 912 1600 elaborant
945 1540 975 1614 ii,
999 1541 1051 1618 qui
1078 1562 1184 1620 magna

139 1633 196 1694 sibi
221 1647 390 1711 proponunt
418 1635 549 1696 obscuris
577 1634 632 1695 orti
659 1634 825 1695 maioribus.
875 1653 938 1710 117.
984 1639 1071 1696 Haec
1098 1637 1184 1715 igitur

140 1732 247 1805 omnia,
263 1753 331 1792 cum
345 1733 510 1810 quaerimus
524 1732 596 1810 quid
611 1734 724 1805 deceat,
739 1733 895 1810 complecti
911 1734 1011 1794 animo
1030 1746 1060 1795 et
1076 1736 1183 1813 cogita·
1198 1757 1206 1790 ι
1211 1755 1224 1805 5

139 1830 219 1891 tione
234 1831 384 1890 debemus.
428 1834 465 1891 In
479 1830 579 1908 primis
593 1841 692 1889 autem
707 1831 946 1890 constituendum
967 1843 1011 1892 est
1034 1851 1109 1909 quos
1128 1853 1183 1894 nos

352 1928 354 1934 ’
387 1940 417 1990 et
437 1931 539 2005 quales
559 1946 623 1987 esse
643 1927 767 1986 velimus
786 1938 816 1987 et
836 1927 867 1986 in
886 1948 946 2005 quo
964 1948 1070 2007 genere
1088 1930 1182 1990 vitae:

164 2037 275 2098 thmtty
330 2039 355 2080 os
389 2047 465 2104 quae
487 2026 657 2087 deliberatio
678 2037 723 2086 est
743 2025 875 2086 omnium
897 2027 1075 2086 difficillima
1117 2031 1183 2088 Ine-

138 2086 239 2180 ili-‘lin‘
251 2102 266 2130 ²
278 2101 351 2130 cm
388 2135 459 2183 unte
480 2122 559 2184 enim
579 2121 788 2195 adulescentia,
806 2143 875 2182 cum
892 2135 936 2183 est
955 2123 1083 2183 maxima
1103 2124 1183 2185 inbe-

387 2221 490 2282 cillitas
504 2220 627 2293 consilii,
642 2232 706 2280 tum
720 2218 751 2278 id
765 2219 821 2279 sibi
835 2221 960 2297 quisque
972 2242 1065 2299 genus
1079 2222 1181 2283 aetatis
1195 2243 1226 2277 20

139 2318 292 2396 degendae
318 2315 478 2388 constituit,
511 2316 594 2392 quod
621 2314 748 2373 maxime
776 2314 932 2374 adamavit.
974 2319 1079 2393 Itaque
1112 2329 1181 2377 unte

138 2413 303 2491 implicatur
320 2413 420 2488 aliquo
440 2423 521 2472 certo
539 2430 645 2488 genere
664 2430 808 2487 cursuque
828 2411 946 2472 vivendi
967 2432 1056 2489 quam
1076 2413 1180 2492 potuit,

132 2511 220 2586 quod
241 2508 385 2586 optimum
408 2519 493 2580 esset,
519 2507 655 2567 iudicare.
701 2510 765 2565 118.
803 2509 882 2567 Nam
909 2510 991 2585 quod
1019 2507 1179 2570 Herculem

139 2607 281 2667 Prodicus
299 2607 378 2678 dicit,
393 2617 425 2666 ut
443 2616 487 2666 est
505 2606 586 2682 apud
601 2606 842 2681 Xenophontem,
857 2625 925 2665 cum
945 2606 1071 2683 primum
1091 2608 1182 2685 pube-

137 2704 353 2779 sceret-quod
370 2714 487 2780 tempus
507 2721 526 2760 a
546 2713 648 2760 natura
668 2688 924 2778 addeligendum,
947 2722 1035 2779 quam
1056 2703 1181 2780 quisque
1193 2723 1224 2773 ²⁵

136 2800 216 2860 viam
228 2796 346 2860 vivendi
365 2798 402 2859 sit
420 2799 608 2876 ingressuruS,
627 2800 728 2858 datum
745 2799 923 2858 est-exisse
940 2799 971 2858 in
991 2799 1180 2860 solitudinem

137 2909 227 2975 atque
240 2897 282 2957 ibi
295 2898 447 2957 sedentem
465 2895 517 2956 diu
536 2916 635 2956 secum
653 2898 838 2972 multumque
852 2896 1010 2970 dubitasse,
1025 2917 1093 2957 cum
1108 2898 1181 2957 duas

136 3007 268 3056 cerneret
287 2995 357 3068 vias,
377 3014 467 3053 unam
481 2994 656 3070 Voluptatis,
671 2995 792 3053 alteram
810 2993 942 3064 Virtutis,
957 3005 1050 3053 utram
1068 2994 1181 3072 ingredi

136 3092 242 3151 melius
260 3103 345 3163 esset,
360 3093 419 3150 hoc
439 3091 562 3150 Herculi
573 3090 663 3150 ‘Iovis
679 3102 744 3149 satu
765 3081 959 3166 edito'''potuit
977 3093 1099 3152 fortasse
1112 3112 1180 3152 con·

136 3189 256 3267 tingere,
286 3188 371 3248 nobis
399 3207 459 3248 non
487 3188 567 3259 item,
596 3187 647 3262 qui
674 3187 822 3246 imitamur
849 3207 923 3263 quos
950 3187 1058 3264 cuique
1084 3189 1178 3249 visum
1193 3215 1225 3266 3⁰

130 3298 188 3359 est,
203 3298 292 3363 atque
307 3287 346 3346 ad
360 3305 460 3345 eorum
475 3284 572 3344 studia
585 3283 775 3359 institutaque
789 3283 973 3360 impellimur.
1003 3288 1180 3362 Plemmque

134 3393 235 3442 autem
255 3381 419 3459 parentium
439 3379 601 3458 praeceptis
622 3379 726 3438 imbuti
746 3381 786 3439 ad
812 3399 914 3440 eorum
934 3372 1180 3442 consuetudinem

134 3498 308 3556 moremque
336 3476 517 3538 deducimur.
573 3476 633 3535 Alii
667 3476 863 3536 multitudinis
896 3476 1006 3538 iudicio
1040 3481 1178 3552 seruntur,

134 3593 269 3652 quaeque
296 3572 400 3633 maiori
426 3572 500 3649 parti
526 3570 721 3650 pulcherrima
747 3571 890 3647 videntur,
919 3591 955 3633 ea
980 3573 1107 3634 maxime
1134 3593 1180 3634 ex·

183 3803 214 3853 η
232 3789 368 3840 Herculem
385 3790 503 3840 Prodicus
519 3789 579 3840 dicit
593 3796 649 3854 post
665 3790 814 3839 Munatium
830 3791 871 3840 Ba
889 3791 969 3840 Herbe
984 3792 1020 3851 St,
1043 3791 1179 3844 Herculem

134 3871 275 3921 Prodicium
287 3870 372 3920 dicunt
383 3872 416 3919 H
433 3872 471 3920 Zu
486 3871 523 3920 Or
532 3871 584 3930 alii,
600 3871 735 3919 Herculem
746 3871 878 3935 prodigum
889 3871 949 3920 dicit
959 3878 1004 3936 opt.
1019 3872 1084 3922 codd.
