2670 4296
252 271 308 328 13²
469 251 518 309 De
534 250 699 310 contentione
716 251 838 309 Honesti
855 257 881 309 et
905 251 991 311 Utilis
1038 247 1216 332 [Illxxvrrr
1231 269 1285 326 103

249 416 461 470 sowd⁶0¹¹⁰¹¹¹¹¹³
499 417 609 492 dicunt,
625 418 698 477 nihil
720 418 857 479 exhibere
876 418 968 492 alteri,
991 420 1046 479 sed
1065 438 1167 479 eorum
1188 418 1284 490 etiam,

248 483 459 620 :Effigffiffi
496 514 548 590 qui
561 515 650 576 deum
665 534 780 591 semper
793 534 879 592 agere
897 515 1008 592 aliquid
1022 526 1051 576 et
1065 506 1161 575 moliri
1173 517 1285 586 volunt,

248 617 460 718 {gffgeenagegrrsffi
497 631 660 688 numquam
680 632 738 672 nec
758 612 843 672 irasci
864 614 955 673 deum
976 631 1032 671 nec
1045 616 1159 672 nocere
1203 611 1285 686 Quid

249 719 460 818 ffigddnffiveffl
497 721 595 770 autem
628 710 717 770 iratus
752 709 888 786 Iuppiter
913 711 980 785 plus
1007 727 1114 768 nocere
1141 709 1286 785 potuisset

249 817 464 910 messvglnutshan
501 826 591 883 quam
611 806 713 866 nocuit
740 806 796 866 sibi
823 807 886 882 ipse
914 807 1066 881 Regulus?
1092 806 1174 864 nulla
1199 805 1287 882 igitur
1319 829 1332 876 5

249 918 340 969 oronam
347 931 402 969 upon
411 917 464 958 him·
502 901 545 961 vis
559 901 613 961 suit
626 901 782 979 religionis,
794 921 869 978 quae
884 912 996 962 tantam
1008 901 1162 960 utilitatem
1173 921 1287 978 perver-

249 969 312 1010 selfb
335 968 448 1018 returning.
811 997 817 1010 .
1081 998 1087 1010 .
1237 997 1243 1008 .
1269 998 1275 1010 .

278 1019 301 1069 (a
340 1017 463 1068 eoughtto
501 1009 583 1065 teret.
618 1001 667 1058 An
687 1019 725 1059 ne
742 1009 865 1075 turpiter
880 999 1006 1059 faceret?
1041 1000 1171 1057 Prrmum
1190 1003 1288 1057 ‘mim-

250 1068 408 1160 iiiiaiifili?
429 1067 465 1110 ὼε
502 1115 552 1155 ma
565 1097 603 1156 de
617 1096 718 1156 malis!
741 1099 822 1156 Num
833 1095 919 1173 igitur
929 1106 1044 1162 tantum
1055 1095 1125 1154 mali
1136 1094 1287 1172 turpitudo

250 1168 466 1270 osiigieimio‘ii'i'ss
503 1192 559 1253 ista
578 1193 707 1265 habebit,
730 1204 874 1269 quantum
894 1191 943 1253 ille
963 1192 1131 1253 cruciatus?
1169 1192 1287 1274 Deinde

250 1267 462 1362 {sagamano
500 1288 575 1349 illud
588 1288 677 1350 etiam
690 1290 770 1366 apud
784 1288 923 1351 Accium:
1305 1310 1331 1343 .

698 1401 819 1466 Frefflsttn
829 1400 927 1465 fidem?

507 1481 582 1548 solque
596 1483 652 1532 dedi
665 1500 738 1548 neque
752 1484 782 1532 do
796 1484 893 1548 {nfideli
906 1483 1049 1548 ntiquom...

252 1589 464 1692 niiiaffii'y‘i'ior‘ie‘
499 1610 679 1666 quamquam
699 1591 738 1649 ab
758 1589 851 1666 impio
871 1609 939 1666 rege
953 1591 1066 1664 dicitur,
1081 1592 1230 1652 luculente
1249 1603 1290 1652 ta-

251 1691 451 1765 ¹¹⁸⁸dl¹⁰ffl⁶1³P
500 1708 569 1748 men
584 1689 708 1748 dicitur.'
746 1708 810 1765 103.
833 1690 958 1749 Addunt
971 1691 1068 1763 etiam,
1085 1694 1291 1767 ‘quemadmo-

277 1759 463 1864 ffiffioiissh
501 1784 574 1843 dum
594 1804 650 1845 nos
669 1784 801 1844 dicamus
825 1785 917 1845 videri
944 1789 1090 1862 quaedam
1104 1787 1193 1847 'utilia
1212 1807 1317 1863 quaer

251 1873 410 1966 gffisggffiff
428 1873 464 1914 ¹¹¹⁸
501 1899 563 1941 non
581 1881 648 1955 sint,
663 1881 706 1941 sic
724 1902 756 1943 se
775 1881 873 1942 dicere
891 1882 983 1943 videri
999 1886 1145 1960 quaedam
1164 1885 1292 1945 honesta

289 1991 462 2064 objecnonlrv.
499 1995 575 2052 quae
589 1998 651 2038 nou
665 1979 736 2040 sint:
762 1990 794 2038 ut
812 1980 870 2039 hoc
886 1979 983 2056 ipsum
997 1981 1112 2041 videtur
1131 1983 1292 2058 honestum

252 2055 462 2156 ,yffissffi'gfflfn'
500 2067 695 2135 conservandi
709 2073 903 2134 iurisiurandi
917 2094 1005 2134 causa
1019 2077 1057 2135 ad
1071 2076 1232 2135 cruciatum
1246 2097 1293 2137 re·

250 2173 379 2247 vertisse,
391 2174 445 2234 sed
455 2174 487 2231 fit
498 2191 559 2231 non
573 2173 741 2245 honestum,
754 2171 831 2248 quia,
844 2173 926 2248 quod
936 2192 988 2249 per
998 2173 1058 2232 vim
1068 2174 1197 2234 hostium
1212 2187 1292 2235 esset

251 2279 359 2342 actum,
374 2281 470 2329 ratum
484 2287 548 2328 esse
562 2287 623 2327 non
638 2267 758 2328 debuit'
779 2269 905 2328 Addunt
918 2269 1015 2341 etiam,
1029 2269 1188 2347 ‘quidquid
1201 2273 1292 2333 valde
1308 2297 1334 2330 α·

251 2367 322 2428 utile
337 2366 382 2440 sit,
397 2365 427 2426 id
441 2365 504 2425 fieri
517 2368 685 2438 honestum,
698 2366 785 2425 etiam
801 2365 824 2424 si
839 2378 926 2426 antea
937 2386 998 2425 non
1009 2368 1173 2428 videretur.'
1201 2370 1294 2430 Haec

251 2465 312 2524 fere
325 2474 428 2524 contra
441 2464 597 2539 Regulum.
640 2464 698 2524 Sed
713 2465 807 2539 prima
820 2462 980 2523 videamus.

148 2579 240 2627 xxm
565 2580 629 2633 104.
673 2563 756 2619 ‘Non
770 2558 824 2619 suit
843 2559 977 2636 Iuppiter
995 2563 1171 2622 metuendus
1185 2582 1224 2623 ne
1239 2563 1296 2624 ira-

254 2636 476 2740 ossaeffifffl
501 2667 547 2716 tus
561 2665 690 2725 noceret,
705 2653 756 2729 qui
770 2672 868 2730 neque
888 2653 973 2713 irasci
994 2657 1068 2715 solet
1088 2676 1144 2715 nec
1164 2662 1296 2720 nocere!

278 2790 299 2831 u.
313 2787 441 2830 homi,
501 2756 587 2813 Haec
615 2750 736 2825 quidem
763 2748 837 2808 ratio
864 2768 925 2808 non
946 2750 1038 2826 magis
1059 2763 1161 2810 contra
1182 2753 1296 2829 Reguli
1310 2780 1335 2814 τ·

277 2890 309 2942 (a)
321 2888 461 2931 mendo„
499 2869 589 2929 quam
603 2859 706 2906 contra
720 2863 808 2904 omne
821 2844 866 2904 ius
881 2844 1036 2905 iurandum
1050 2851 1134 2907 valet
1178 2849 1240 2909 Sed
1261 2850 1296 2910 in

253 2941 346 2991 ¹³ssati⁰¹¹2
358 2941 394 2981 ²¹¹⁶
441 2953 461 2979 ¹·
499 2947 561 3006 iure
575 2944 699 3004 iurando
713 2961 774 3001 non
789 2942 839 3017 qui
858 2953 953 3001 metus
972 2943 1023 3002 sed
1043 2963 1118 3019 quae
1132 2944 1176 3004 vis
1190 2945 1229 3006 sit
1243 2949 1298 3010 de·

253 2992 263 3030 l
276 3005 358 3031 rmaue
378 2991 412 3030 lw
428 2990 462 3030 ich

252 3004 460 3090 igamtc‘sffhss·
498 3047 549 3104 bet
563 3041 702 3118 intellegi.
735 3043 788 3098 Est
803 3038 883 3098 enim
897 3037 942 3098 ius
956 3038 1112 3099 iurandum
1126 3043 1297 3106 adfirmatio

252 3091 462 3242 ΞΞΞῘΞΞΞἜἚΞΞῊᾸ
499 3139 647 3216 religiosa:
667 3137 748 3214 quod
761 3147 861 3195 autem
876 3136 1028 3195 adfirmare
1042 3137 1125 3213 quasi
1139 3139 1198 3198 deo
1217 3150 1297 3202 teste

501 3236 675 3315 promiseris,
688 3235 719 3294 id
733 3234 895 3293 tenendum
910 3244 964 3292 est.
1005 3235 1070 3292 Iam
1082 3234 1161 3294 enim
1176 3254 1239 3295 non
1254 3241 1297 3300 ad
1310 3262 1335 3312 3·

252 3339 324 3397 iram
352 3340 484 3409 deorum,
513 3353 589 3412 quae
610 3334 691 3391 nulla
711 3342 764 3403 est,
793 3331 846 3389 sed
866 3330 906 3388 ad
929 3328 1069 3389 iustitiam
1090 3342 1119 3392 et
1139 3332 1178 3391 ad
1199 3334 1297 3396 fidem

252 3435 385 3511 pertinet
429 3436 507 3492 Nam
528 3432 676 3508 praeclare
692 3427 820 3487 Ennius:

404 3540 511 3611 orins
526 3559 594 3607 aomo
609 3556 668 3622 opta
681 3557 769 3620 pinnas
785 3554 807 3604 n
822 3556 862 3604 tus
877 3555 1013 3606 iurantem
1030 3555 1112 3606 levat

300 3665 316 3716 6
332 3672 494 3731 praeverteret
509 3665 552 3726 Or,
566 3664 606 3713 At
616 3663 710 3713 Gruber
719 3670 794 3712 contr.
808 3664 873 3712 codd.
900 3667 909 3721 ΙΙ
934 3678 950 3728 9
965 3663 1073 3713 habebat
1083 3664 1116 3713 ol.
1128 3669 1214 3716 contra
1223 3670 1293 3721 codd.

254 3753 265 3807 ῐΙ
312 3764 343 3798 ao
371 3763 421 3797 uon
445 3746 538 3796 debuit.
571 3746 630 3794 Post
650 3745 707 3792 hoec
727 3751 820 3792 sextam
842 3744 1039 3794 adversariomem
1060 3751 1145 3793 contro
1166 3747 1297 3811 Regulum

251 3833 368 3880 rationem
387 3827 439 3890 (cur
455 3828 529 3892 igitur
544 3827 576 3876 ad
592 3833 704 3875 senatum
724 3824 931 3890 proficiscebatur,
951 3841 1008 3875 cum
1024 3826 1167 3890 praesertim
1184 3828 1219 3880 de
1235 3846 1297 3899 cap.

248 3911 306 3960 tivis
317 3910 468 3958 dissuasurus
479 3905 568 3971 esset?)
585 3908 698 3957 excidisse
707 3912 784 3955 conset
798 3906 882 3970 Unger
891 3907 943 3955 coll.
955 3908 969 3966 ἕ
984 3921 1036 3955 110.
