<?xml version="1.0" encoding="UTF-8"?>
<!DOCTYPE html PUBLIC "-//W3C//DTD XHTML 1.0 Transitional//EN"
    "http://www.w3.org/TR/xhtml1/DTD/xhtml1-transitional.dtd">
<html xmlns="http://www.w3.org/1999/xhtml" xml:lang="en" lang="en">
 <head>
  <title>
</title>
<meta http-equiv="Content-Type" content="text/html;charset=utf-8" />
  <meta name='ocr-system' content='tesseract 3.04.00' />
  <meta name='ocr-capabilities' content='ocr_page ocr_carea ocr_par ocr_line ocrx_word'/>
</head>
<body>
  <div class='ocr_page' id='page_1' title='image "./mtciceronisdeof00cicegoog_0105.png"; bbox 0 0 2670 4296; ppageno 0'>
   <div class='ocr_carea' id='block_1_1' title="bbox 161 182 1247 296">
    <p class='ocr_par' dir='ltr' id='par_1_1' title="bbox 161 182 1247 296">
     <span class='ocr_line' id='line_1_1' title="bbox 161 182 1247 296; baseline 0.01 -32"><span class='ocrx_word' id='word_1_1' title='bbox 161 182 166 193; x_wconf 60' lang='grc'><em>’</em></span> <span class='ocrx_word' id='word_1_2' title='bbox 197 235 245 296; x_wconf 73' lang='lat'>54</span> <span class='ocrx_word' id='word_1_3' title='bbox 543 215 735 275; x_wconf 80' lang='lat' dir='ltr'>Honestorum</span> <span class='ocrx_word' id='word_1_4' title='bbox 755 214 927 290; x_wconf 82' lang='lat' dir='ltr'>comparatio</span> <span class='ocrx_word' id='word_1_5' title='bbox 1064 210 1247 294; x_wconf 78' lang='lat' dir='ltr'>[Ixu11150</span> 
     </span>
    </p>
   </div>
   <div class='ocr_carea' id='block_1_2' title="bbox 116 681 196 732">
    <p class='ocr_par' dir='ltr' id='par_1_2' title="bbox 116 681 196 732">
     <span class='ocr_line' id='line_1_2' title="bbox 116 681 196 732; baseline 0.013 -1"><span class='ocrx_word' id='word_1_6' title='bbox 116 681 196 732; x_wconf 86' lang='lat' dir='ltr'>XLII</span> 
     </span>
    </p>
   </div>
   <div class='ocr_carea' id='block_1_3' title="bbox 201 376 1292 3560">
    <p class='ocr_par' dir='ltr' id='par_1_3' title="bbox 204 376 1249 638">
     <span class='ocr_line' id='line_1_3' title="bbox 205 376 1249 461; baseline -0.005 -18"><span class='ocrx_word' id='word_1_7' title='bbox 205 383 323 461; x_wconf 88' lang='lat' dir='ltr'>publice</span> <span class='ocrx_word' id='word_1_8' title='bbox 343 381 463 444; x_wconf 87' lang='lat' dir='ltr'>venerit</span> <span class='ocrx_word' id='word_1_9' title='bbox 506 382 556 441; x_wconf 89' lang='lat' dir='ltr'>Ad</span> <span class='ocrx_word' id='word_1_10' title='bbox 570 400 725 455; x_wconf 90' lang='lat' dir='ltr'>summam,</span> <span class='ocrx_word' id='word_1_11' title='bbox 747 399 786 440; x_wconf 93' lang='lat' dir='ltr'>ne</span> <span class='ocrx_word' id='word_1_12' title='bbox 806 399 892 456; x_wconf 87' lang='lat' dir='ltr'>agam</span> <span class='ocrx_word' id='word_1_13' title='bbox 911 380 950 439; x_wconf 92' lang='lat' dir='ltr'>de</span> <span class='ocrx_word' id='word_1_14' title='bbox 969 376 1099 454; x_wconf 83' lang='lat' dir='ltr'>singulis,</span> <span class='ocrx_word' id='word_1_15' title='bbox 1116 398 1249 438; x_wconf 88' lang='lat' dir='ltr'>commu-</span> 
     </span>
     <span class='ocr_line' id='line_1_4' title="bbox 204 474 1247 556; baseline -0.004 -16"><span class='ocrx_word' id='word_1_16' title='bbox 204 500 274 541; x_wconf 91' lang='lat' dir='ltr'>nem</span> <span class='ocrx_word' id='word_1_17' title='bbox 290 479 379 541; x_wconf 94' lang='lat' dir='ltr'>totius</span> <span class='ocrx_word' id='word_1_18' title='bbox 391 477 506 556; x_wconf 90' lang='lat' dir='ltr'>generis</span> <span class='ocrx_word' id='word_1_19' title='bbox 520 477 675 538; x_wconf 91' lang='lat' dir='ltr'>hominum</span> <span class='ocrx_word' id='word_1_20' title='bbox 689 476 930 537; x_wconf 85' lang='lat' dir='ltr'>conciliationem</span> <span class='ocrx_word' id='word_1_21' title='bbox 949 487 979 535; x_wconf 89' lang='lat' dir='ltr'>et</span> <span class='ocrx_word' id='word_1_22' title='bbox 992 474 1247 537; x_wconf 83' lang='lat' dir='ltr'>consociationem</span> 
     </span>
     <span class='ocr_line' id='line_1_5' title="bbox 206 576 685 638; baseline -0.01 0"><span class='ocrx_word' id='word_1_23' title='bbox 206 579 303 638; x_wconf 89' lang='lat' dir='ltr'>colere</span> <span class='ocrx_word' id='word_1_24' title='bbox 317 577 392 637; x_wconf 91' lang='lat' dir='ltr'>tueri</span> <span class='ocrx_word' id='word_1_25' title='bbox 406 594 520 637; x_wconf 88' lang='lat' dir='ltr'>servare</span> <span class='ocrx_word' id='word_1_26' title='bbox 533 576 685 634; x_wconf 87' lang='lat' dir='ltr'><strong>debemus.</strong></span> 
     </span>
    </p>

    <p class='ocr_par' dir='ltr' id='par_1_4' title="bbox 204 667 1292 1902">
     <span class='ocr_line' id='line_1_6' title="bbox 232 667 1248 773; baseline -0.002 -44"><span class='ocrx_word' id='word_1_27' title='bbox 232 731 279 772; x_wconf 51' lang='lat' dir='ltr'>The</span> <span class='ocrx_word' id='word_1_28' title='bbox 293 717 417 773; x_wconf 40' lang='grc' dir='ltr'>ΝΜ</span> <span class='ocrx_word' id='word_1_29' title='bbox 518 687 583 747; x_wconf 82' lang='lat'>150.</span> <span class='ocrx_word' id='word_1_30' title='bbox 626 672 691 729; x_wconf 86' lang='lat' dir='ltr'>Iam</span> <span class='ocrx_word' id='word_1_31' title='bbox 720 670 759 730; x_wconf 91' lang='lat' dir='ltr'>de</span> <span class='ocrx_word' id='word_1_32' title='bbox 782 668 910 730; x_wconf 86' lang='lat' dir='ltr'>artificiis</span> <span class='ocrx_word' id='word_1_33' title='bbox 938 680 969 729; x_wconf 90' lang='lat' dir='ltr'>et</span> <span class='ocrx_word' id='word_1_34' title='bbox 992 667 1170 743; x_wconf 83' lang='lat' dir='ltr'>quaestibus,</span> <span class='ocrx_word' id='word_1_35' title='bbox 1196 668 1248 745; x_wconf 93' lang='lat' dir='ltr'>qui</span> 
     </span>
     <span class='ocr_line' id='line_1_7' title="bbox 206 764 1291 843; baseline 0.002 -21"><span class='ocrx_word' id='word_1_36' title='bbox 206 782 331 841; x_wconf 51' lang='lat' dir='ltr'>profession</span> <span class='ocrx_word' id='word_1_37' title='bbox 352 782 418 822; x_wconf 58' lang='lat' dir='ltr'>unua</span> <span class='ocrx_word' id='word_1_38' title='bbox 455 765 589 826; x_wconf 89' lang='lat' dir='ltr'>liberales</span> <span class='ocrx_word' id='word_1_39' title='bbox 613 765 752 838; x_wconf 91' lang='lat' dir='ltr'>habendi,</span> <span class='ocrx_word' id='word_1_40' title='bbox 777 765 827 843; x_wconf 92' lang='lat' dir='ltr'>qui</span> <span class='ocrx_word' id='word_1_41' title='bbox 855 764 967 837; x_wconf 86' lang='lat' dir='ltr'>sordidi</span> <span class='ocrx_word' id='word_1_42' title='bbox 995 765 1062 837; x_wconf 89' lang='lat' dir='ltr'>sint,</span> <span class='ocrx_word' id='word_1_43' title='bbox 1090 765 1165 824; x_wconf 90' lang='lat' dir='ltr'>haec</span> <span class='ocrx_word' id='word_1_44' title='bbox 1187 767 1248 825; x_wconf 82' lang='lat' dir='ltr'>fere</span> <span class='ocrx_word' id='word_1_45' title='bbox 1278 774 1291 824; x_wconf 87' lang='lat'><strong>5</strong></span> 
     </span>
     <span class='ocr_line' id='line_1_8' title="bbox 205 832 1246 941; baseline -0.001 -19"><span class='ocrx_word' id='word_1_46' title='bbox 205 832 419 922; x_wconf 52' lang='lat' dir='ltr'>ffiusshssffig</span> <span class='ocrx_word' id='word_1_47' title='bbox 456 863 633 941; x_wconf 87' lang='lat' dir='ltr'>accepimus.</span> <span class='ocrx_word' id='word_1_48' title='bbox 676 863 808 922; x_wconf 90' lang='lat' dir='ltr'>Primum</span> <span class='ocrx_word' id='word_1_49' title='bbox 829 850 1031 940; x_wconf 85' lang='lat' dir='ltr'>improbantur</span> <span class='ocrx_word' id='word_1_50' title='bbox 1054 861 1075 921; x_wconf 92' lang='lat' dir='ltr'>ii</span> <span class='ocrx_word' id='word_1_51' title='bbox 1098 873 1246 938; x_wconf 87' lang='lat' dir='ltr'>quaestus,</span> 
     </span>
     <span class='ocr_line' id='line_1_9' title="bbox 204 932 1246 1035; baseline -0.002 -18"><span class='ocrx_word' id='word_1_52' title='bbox 204 932 312 983; x_wconf 68' lang='lat' dir='ltr'>wuyaey</span> <span class='ocrx_word' id='word_1_53' title='bbox 320 945 393 974; x_wconf 56' lang='grc' dir='ltr'>Μ’</span> <span class='ocrx_word' id='word_1_54' title='bbox 455 958 506 1035; x_wconf 91' lang='lat' dir='ltr'>qui</span> <span class='ocrx_word' id='word_1_55' title='bbox 524 958 555 1017; x_wconf 90' lang='lat' dir='ltr'>in</span> <span class='ocrx_word' id='word_1_56' title='bbox 573 957 645 1018; x_wconf 89' lang='lat' dir='ltr'>odia</span> <span class='ocrx_word' id='word_1_57' title='bbox 662 957 818 1017; x_wconf 90' lang='lat' dir='ltr'>hominum</span> <span class='ocrx_word' id='word_1_58' title='bbox 836 956 996 1030; x_wconf 88' lang='lat' dir='ltr'>incurrunt,</span> <span class='ocrx_word' id='word_1_59' title='bbox 1011 955 1044 1016; x_wconf 87' lang='lat' dir='ltr'>ut</span> <span class='ocrx_word' id='word_1_60' title='bbox 1062 958 1246 1034; x_wconf 89' lang='lat' dir='ltr'>portitorum,</span> 
     </span>
     <span class='ocr_line' id='line_1_10' title="bbox 205 1040 1248 1133; baseline -0.003 -17"><span class='ocrx_word' id='word_1_61' title='bbox 205 1067 239 1116; x_wconf 93' lang='lat' dir='ltr'>ut</span> <span class='ocrx_word' id='word_1_62' title='bbox 252 1058 473 1117; x_wconf 87' lang='lat' dir='ltr'>faeneratorum.</span> <span class='ocrx_word' id='word_1_63' title='bbox 515 1054 689 1133; x_wconf 87' lang='lat' dir='ltr'>Inliberales</span> <span class='ocrx_word' id='word_1_64' title='bbox 703 1065 803 1114; x_wconf 88' lang='lat' dir='ltr'>autem</span> <span class='ocrx_word' id='word_1_65' title='bbox 817 1066 847 1114; x_wconf 95' lang='lat' dir='ltr'>et</span> <span class='ocrx_word' id='word_1_66' title='bbox 861 1053 972 1114; x_wconf 90' lang='lat' dir='ltr'>sordidi</span> <span class='ocrx_word' id='word_1_67' title='bbox 986 1040 1126 1130; x_wconf 82' lang='lat' dir='ltr'>quaestus</span> <span class='ocrx_word' id='word_1_68' title='bbox 1138 1072 1248 1113; x_wconf 90' lang='lat' dir='ltr'>merce·</span> 
     </span>
     <span class='ocr_line' id='line_1_11' title="bbox 206 1152 1246 1229; baseline -0.004 -17"><span class='ocrx_word' id='word_1_69' title='bbox 206 1152 353 1212; x_wconf 87' lang='lat' dir='ltr'>uariorum</span> <span class='ocrx_word' id='word_1_70' title='bbox 367 1152 509 1224; x_wconf 91' lang='lat' dir='ltr'>omnium,</span> <span class='ocrx_word' id='word_1_71' title='bbox 522 1171 648 1229; x_wconf 89' lang='lat' dir='ltr'>quorum</span> <span class='ocrx_word' id='word_1_72' title='bbox 662 1170 778 1228; x_wconf 90' lang='lat' dir='ltr'>operae,</span> <span class='ocrx_word' id='word_1_73' title='bbox 794 1171 856 1210; x_wconf 90' lang='lat' dir='ltr'>non</span> <span class='ocrx_word' id='word_1_74' title='bbox 867 1170 992 1227; x_wconf 91' lang='lat' dir='ltr'>quorum</span> <span class='ocrx_word' id='word_1_75' title='bbox 1006 1162 1082 1210; x_wconf 89' lang='lat' dir='ltr'>artes</span> <span class='ocrx_word' id='word_1_76' title='bbox 1096 1160 1233 1209; x_wconf 91' lang='lat' dir='ltr'>emuntur</span> <span class='ocrx_word' id='word_1_77' title='bbox 1236 1170 1246 1225; x_wconf 87' lang='lat'>;</span> 
     </span>
     <span class='ocr_line' id='line_1_12' title="bbox 207 1247 1292 1324; baseline -0.004 -14"><span class='ocrx_word' id='word_1_78' title='bbox 207 1261 252 1310; x_wconf 90' lang='lat' dir='ltr'>est</span> <span class='ocrx_word' id='word_1_79' title='bbox 268 1250 347 1309; x_wconf 89' lang='lat' dir='ltr'>enim</span> <span class='ocrx_word' id='word_1_80' title='bbox 369 1247 399 1307; x_wconf 91' lang='lat' dir='ltr'>in</span> <span class='ocrx_word' id='word_1_81' title='bbox 418 1247 474 1307; x_wconf 92' lang='lat' dir='ltr'>illis</span> <span class='ocrx_word' id='word_1_82' title='bbox 493 1247 558 1324; x_wconf 91' lang='lat' dir='ltr'>ipsa</span> <span class='ocrx_word' id='word_1_83' title='bbox 575 1267 688 1307; x_wconf 90' lang='lat' dir='ltr'>merces</span> <span class='ocrx_word' id='word_1_84' title='bbox 710 1257 965 1306; x_wconf 81' lang='lat' dir='ltr'>auctoramentum</span> <span class='ocrx_word' id='word_1_85' title='bbox 987 1247 1139 1307; x_wconf 86' lang='lat' dir='ltr'>servitutis.</span> <span class='ocrx_word' id='word_1_86' title='bbox 1182 1249 1292 1308; x_wconf 82' lang='lat' dir='ltr'>Sor-10</span> 
     </span>
     <span class='ocr_line' id='line_1_13' title="bbox 206 1343 1247 1422; baseline -0.007 -13"><span class='ocrx_word' id='word_1_87' title='bbox 206 1346 269 1409; x_wconf 92' lang='lat' dir='ltr'>didi</span> <span class='ocrx_word' id='word_1_88' title='bbox 283 1345 372 1406; x_wconf 89' lang='lat' dir='ltr'>etiam</span> <span class='ocrx_word' id='word_1_89' title='bbox 385 1343 511 1422; x_wconf 88' lang='lat' dir='ltr'>putandi</span> <span class='ocrx_word' id='word_1_90' title='bbox 539 1344 589 1420; x_wconf 92' lang='lat' dir='ltr'>qui</span> <span class='ocrx_word' id='word_1_91' title='bbox 605 1355 772 1404; x_wconf 88' lang='lat' dir='ltr'>mercantur</span> <span class='ocrx_word' id='word_1_92' title='bbox 791 1362 809 1402; x_wconf 92' lang='lat' dir='ltr'>a</span> <span class='ocrx_word' id='word_1_93' title='bbox 827 1343 1039 1404; x_wconf 88' lang='lat' dir='ltr'>mercatoribus</span> <span class='ocrx_word' id='word_1_94' title='bbox 1053 1343 1134 1420; x_wconf 92' lang='lat' dir='ltr'>quod</span> <span class='ocrx_word' id='word_1_95' title='bbox 1148 1343 1247 1403; x_wconf 90' lang='lat' dir='ltr'>statim</span> 
     </span>
     <span class='ocr_line' id='line_1_14' title="bbox 206 1438 1248 1517; baseline -0.005 -14"><span class='ocrx_word' id='word_1_96' title='bbox 206 1444 336 1504; x_wconf 89' lang='lat' dir='ltr'>vendant</span> <span class='ocrx_word' id='word_1_97' title='bbox 341 1463 351 1516; x_wconf 88' lang='lat'>;</span> <span class='ocrx_word' id='word_1_98' title='bbox 370 1441 444 1500; x_wconf 91' lang='lat' dir='ltr'>nihil</span> <span class='ocrx_word' id='word_1_99' title='bbox 459 1440 537 1500; x_wconf 90' lang='lat' dir='ltr'>enim</span> <span class='ocrx_word' id='word_1_100' title='bbox 557 1439 721 1517; x_wconf 86' lang='lat' dir='ltr'>proficiant,</span> <span class='ocrx_word' id='word_1_101' title='bbox 741 1438 798 1499; x_wconf 92' lang='lat' dir='ltr'>nisi</span> <span class='ocrx_word' id='word_1_102' title='bbox 812 1440 974 1499; x_wconf 87' lang='lat' dir='ltr'>admodum</span> <span class='ocrx_word' id='word_1_103' title='bbox 989 1439 1176 1512; x_wconf 85' lang='lat' dir='ltr'>mentiantur,</span> <span class='ocrx_word' id='word_1_104' title='bbox 1190 1457 1248 1499; x_wconf 91' lang='lat' dir='ltr'>nec</span> 
     </span>
     <span class='ocr_line' id='line_1_15' title="bbox 205 1534 1247 1613; baseline -0.004 -16"><span class='ocrx_word' id='word_1_105' title='bbox 205 1559 276 1599; x_wconf 91' lang='lat' dir='ltr'>vero</span> <span class='ocrx_word' id='word_1_106' title='bbox 296 1548 341 1598; x_wconf 91' lang='lat' dir='ltr'>est</span> <span class='ocrx_word' id='word_1_107' title='bbox 361 1535 520 1613; x_wconf 88' lang='lat' dir='ltr'>quicquam</span> <span class='ocrx_word' id='word_1_108' title='bbox 546 1535 659 1613; x_wconf 90' lang='lat' dir='ltr'>turpius</span> <span class='ocrx_word' id='word_1_109' title='bbox 686 1534 824 1595; x_wconf 87' lang='lat' dir='ltr'>vanitate.</span> <span class='ocrx_word' id='word_1_110' title='bbox 868 1535 1056 1611; x_wconf 89' lang='lat' dir='ltr'>Opificesque</span> <span class='ocrx_word' id='word_1_111' title='bbox 1084 1554 1188 1595; x_wconf 90' lang='lat' dir='ltr'>omnes</span> <span class='ocrx_word' id='word_1_112' title='bbox 1215 1535 1247 1593; x_wconf 90' lang='lat' dir='ltr'>in</span> 
     </span>
     <span class='ocr_line' id='line_1_16' title="bbox 206 1630 1248 1709; baseline -0.005 -13"><span class='ocrx_word' id='word_1_113' title='bbox 206 1635 326 1696; x_wconf 90' lang='lat' dir='ltr'>sordida</span> <span class='ocrx_word' id='word_1_114' title='bbox 341 1644 403 1693; x_wconf 91' lang='lat' dir='ltr'>arte</span> <span class='ocrx_word' id='word_1_115' title='bbox 422 1643 589 1703; x_wconf 84' lang='lat' dir='ltr'>versantur3</span> <span class='ocrx_word' id='word_1_116' title='bbox 609 1651 666 1692; x_wconf 91' lang='lat' dir='ltr'>nec</span> <span class='ocrx_word' id='word_1_117' title='bbox 688 1631 767 1691; x_wconf 91' lang='lat' dir='ltr'>enim</span> <span class='ocrx_word' id='word_1_118' title='bbox 788 1630 948 1707; x_wconf 89' lang='lat' dir='ltr'>quicquam</span> <span class='ocrx_word' id='word_1_119' title='bbox 966 1630 1127 1707; x_wconf 88' lang='lat' dir='ltr'>ingenuum</span> <span class='ocrx_word' id='word_1_120' title='bbox 1148 1642 1248 1709; x_wconf 91' lang='lat' dir='ltr'>potest</span> 
     </span>
     <span class='ocr_line' id='line_1_17' title="bbox 205 1727 1290 1805; baseline 0.001 -14"><span class='ocrx_word' id='word_1_121' title='bbox 205 1733 313 1793; x_wconf 91' lang='lat' dir='ltr'>habere</span> <span class='ocrx_word' id='word_1_122' title='bbox 331 1729 456 1790; x_wconf 88' lang='lat' dir='ltr'>officina.</span> <span class='ocrx_word' id='word_1_123' title='bbox 499 1728 683 1805; x_wconf 90' lang='lat' dir='ltr'>Minimeque</span> <span class='ocrx_word' id='word_1_124' title='bbox 702 1739 779 1787; x_wconf 88' lang='lat' dir='ltr'>artes</span> <span class='ocrx_word' id='word_1_125' title='bbox 799 1746 851 1787; x_wconf 84' lang='lat' dir='ltr'>eae</span> <span class='ocrx_word' id='word_1_126' title='bbox 869 1728 1041 1804; x_wconf 86' lang='lat' dir='ltr'>probandae</span> <span class='ocrx_word' id='word_1_127' title='bbox 1055 1746 1131 1804; x_wconf 91' lang='lat' dir='ltr'>quae</span> <span class='ocrx_word' id='word_1_128' title='bbox 1150 1727 1248 1788; x_wconf 89' lang='lat' dir='ltr'>minis-</span> <span class='ocrx_word' id='word_1_129' title='bbox 1263 1745 1290 1792; x_wconf 85' lang='lat'>15</span> 
     </span>
     <span class='ocr_line' id='line_1_18' title="bbox 205 1828 565 1902; baseline -0.008 -13"><span class='ocrx_word' id='word_1_130' title='bbox 205 1840 267 1889; x_wconf 91' lang='lat' dir='ltr'>trae</span> <span class='ocrx_word' id='word_1_131' title='bbox 281 1839 349 1888; x_wconf 91' lang='lat' dir='ltr'>sunt</span> <span class='ocrx_word' id='word_1_132' title='bbox 362 1828 565 1902; x_wconf 87' lang='lat' dir='ltr'>voluptatum:</span> 
     </span>
    </p>

    <p class='ocr_par' dir='ltr' id='par_1_5' title="bbox 201 1931 1291 3560">
     <span class='ocr_line' id='line_1_19' title="bbox 465 1931 986 2003; baseline -0.004 -14"><span class='ocrx_word' id='word_1_133' title='bbox 465 1935 559 1989; x_wconf 68' lang='lat' dir='ltr'>cetaria·</span> <span class='ocrx_word' id='word_1_134' title='bbox 571 1931 642 1987; x_wconf 66' lang='lat' dir='ltr'>lanii</span> <span class='ocrx_word' id='word_1_135' title='bbox 650 1939 721 2002; x_wconf 79' lang='lat' dir='ltr'>coqui</span> <span class='ocrx_word' id='word_1_136' title='bbox 727 1931 839 2002; x_wconf 78' lang='lat' dir='ltr'>farto&#39;rcs</span> <span class='ocrx_word' id='word_1_137' title='bbox 849 1933 986 2003; x_wconf 71' lang='lat' dir='ltr'>piscatbres,</span> 
     </span>
     <span class='ocr_line' id='line_1_20' title="bbox 207 2033 1247 2112; baseline -0.006 -12"><span class='ocrx_word' id='word_1_138' title='bbox 207 2050 240 2099; x_wconf 90' lang='lat' dir='ltr'>ut</span> <span class='ocrx_word' id='word_1_139' title='bbox 253 2039 292 2099; x_wconf 90' lang='lat' dir='ltr'>ait</span> <span class='ocrx_word' id='word_1_140' title='bbox 303 2035 465 2100; x_wconf 90' lang='lat' dir='ltr'>Terentius.</span> <span class='ocrx_word' id='word_1_141' title='bbox 493 2033 583 2093; x_wconf 90' lang='lat' dir='ltr'>Adde</span> <span class='ocrx_word' id='word_1_142' title='bbox 597 2033 656 2091; x_wconf 94' lang='lat' dir='ltr'>huc</span> <span class='ocrx_word' id='word_1_143' title='bbox 666 2034 690 2092; x_wconf 92' lang='lat' dir='ltr'>si</span> <span class='ocrx_word' id='word_1_144' title='bbox 703 2035 802 2111; x_wconf 89' lang='lat' dir='ltr'>placet</span> <span class='ocrx_word' id='word_1_145' title='bbox 812 2033 1031 2112; x_wconf 76' lang='lat' dir='ltr'>unguentarios,</span> <span class='ocrx_word' id='word_1_146' title='bbox 1043 2035 1194 2094; x_wconf 89' lang='lat' dir='ltr'>saltatores</span> <span class='ocrx_word' id='word_1_147' title='bbox 1204 2045 1247 2094; x_wconf 89' lang='lat' dir='ltr'>to·</span> 
     </span>
     <span class='ocr_line' id='line_1_21' title="bbox 393 2116 1244 2207; baseline -0.002 -17"><span class='ocrx_word' id='word_1_148' title='bbox 393 2191 398 2202; x_wconf 78' lang='grc'>,</span> <span class='ocrx_word' id='word_1_149' title='bbox 457 2141 579 2204; x_wconf 90' lang='lat' dir='ltr'>tumque</span> <span class='ocrx_word' id='word_1_150' title='bbox 589 2129 693 2189; x_wconf 93' lang='lat' dir='ltr'>ludum</span> <span class='ocrx_word' id='word_1_151' title='bbox 703 2130 845 2190; x_wconf 86' lang='lat' dir='ltr'>talarium.</span> <span class='ocrx_word' id='word_1_152' title='bbox 884 2147 949 2207; x_wconf 86' lang='lat'>151.</span> <span class='ocrx_word' id='word_1_153' title='bbox 979 2116 1244 2206; x_wconf 84' lang='lat' dir='ltr'>Inquibusautem</span> 
     </span>
     <span class='ocr_line' id='line_1_22' title="bbox 207 2193 1291 2304; baseline 0.003 -20"><span class='ocrx_word' id='word_1_154' title='bbox 207 2193 312 2304; x_wconf 50' lang='lat' dir='ltr'>uigilis</span> <span class='ocrx_word' id='word_1_155' title='bbox 323 2200 421 2284; x_wconf 54' lang='lat' dir='ltr'>iiiiii</span> <span class='ocrx_word' id='word_1_156' title='bbox 456 2226 567 2287; x_wconf 89' lang='lat' dir='ltr'>artibus</span> <span class='ocrx_word' id='word_1_157' title='bbox 587 2237 638 2285; x_wconf 90' lang='lat' dir='ltr'>aut</span> <span class='ocrx_word' id='word_1_158' title='bbox 656 2227 813 2304; x_wconf 90' lang='lat' dir='ltr'>prudentia</span> <span class='ocrx_word' id='word_1_159' title='bbox 831 2227 925 2286; x_wconf 91' lang='lat' dir='ltr'>maior</span> <span class='ocrx_word' id='word_1_160' title='bbox 941 2226 1017 2286; x_wconf 91' lang='lat' dir='ltr'>inest</span> <span class='ocrx_word' id='word_1_161' title='bbox 1036 2239 1086 2287; x_wconf 91' lang='lat' dir='ltr'>aut</span> <span class='ocrx_word' id='word_1_162' title='bbox 1104 2247 1167 2286; x_wconf 93' lang='lat' dir='ltr'>non</span> <span class='ocrx_word' id='word_1_163' title='bbox 1187 2247 1246 2287; x_wconf 80' lang='lat' dir='ltr'>me</span> <span class='ocrx_word' id='word_1_164' title='bbox 1259 2244 1291 2280; x_wconf 81' lang='lat'>20</span> 
     </span>
     <span class='ocr_line' id='line_1_23' title="bbox 205 2294 1247 2400; baseline 0.002 -19"><span class='ocrx_word' id='word_1_165' title='bbox 205 2294 284 2336; x_wconf 54' lang='lat' dir='ltr'>hm</span> <span class='ocrx_word' id='word_1_166' title='bbox 455 2321 561 2382; x_wconf 92' lang='lat' dir='ltr'>diocris</span> <span class='ocrx_word' id='word_1_167' title='bbox 577 2322 688 2382; x_wconf 86' lang='lat' dir='ltr'>utilitas</span> <span class='ocrx_word' id='word_1_168' title='bbox 704 2323 858 2400; x_wconf 86' lang='lat' dir='ltr'>quaeritur,</span> <span class='ocrx_word' id='word_1_169' title='bbox 879 2336 912 2383; x_wconf 90' lang='lat' dir='ltr'>ut</span> <span class='ocrx_word' id='word_1_170' title='bbox 930 2323 1085 2396; x_wconf 89' lang='lat' dir='ltr'>medicina,</span> <span class='ocrx_word' id='word_1_171' title='bbox 1105 2335 1137 2383; x_wconf 91' lang='lat' dir='ltr'>ut</span> <span class='ocrx_word' id='word_1_172' title='bbox 1155 2323 1247 2383; x_wconf 92' lang='lat' dir='ltr'>archi·</span> 
     </span>
     <span class='ocr_line' id='line_1_24' title="bbox 205 2420 1245 2497; baseline -0.001 -17"><span class='ocrx_word' id='word_1_173' title='bbox 205 2431 325 2494; x_wconf 88' lang='lat' dir='ltr'>tectura,</span> <span class='ocrx_word' id='word_1_174' title='bbox 345 2430 379 2481; x_wconf 89' lang='lat' dir='ltr'>ut</span> <span class='ocrx_word' id='word_1_175' title='bbox 399 2421 533 2482; x_wconf 89' lang='lat' dir='ltr'>doctrina</span> <span class='ocrx_word' id='word_1_176' title='bbox 552 2441 650 2481; x_wconf 92' lang='lat' dir='ltr'>rerum</span> <span class='ocrx_word' id='word_1_177' title='bbox 670 2422 869 2494; x_wconf 86' lang='lat' dir='ltr'>honestarum,</span> <span class='ocrx_word' id='word_1_178' title='bbox 892 2423 947 2481; x_wconf 91' lang='lat' dir='ltr'>hae</span> <span class='ocrx_word' id='word_1_179' title='bbox 970 2433 1038 2480; x_wconf 93' lang='lat' dir='ltr'>sunt</span> <span class='ocrx_word' id='word_1_180' title='bbox 1060 2420 1096 2480; x_wconf 92' lang='lat' dir='ltr'>iis</span> <span class='ocrx_word' id='word_1_181' title='bbox 1120 2439 1245 2497; x_wconf 91' lang='lat' dir='ltr'>quorum</span> 
     </span>
     <span class='ocr_line' id='line_1_25' title="bbox 204 2517 1244 2591; baseline -0.002 -13"><span class='ocrx_word' id='word_1_182' title='bbox 204 2517 300 2578; x_wconf 94' lang='lat' dir='ltr'>ordini</span> <span class='ocrx_word' id='word_1_183' title='bbox 321 2517 502 2578; x_wconf 91' lang='lat' dir='ltr'>conveniunt</span> <span class='ocrx_word' id='word_1_184' title='bbox 522 2520 673 2578; x_wconf 87' lang='lat' dir='ltr'>honestae.</span> <span class='ocrx_word' id='word_1_185' title='bbox 717 2521 886 2578; x_wconf 89' lang='lat' dir='ltr'>Mercatura</span> <span class='ocrx_word' id='word_1_186' title='bbox 904 2530 1013 2591; x_wconf 89' lang='lat' dir='ltr'>autem,</span> <span class='ocrx_word' id='word_1_187' title='bbox 1034 2517 1058 2577; x_wconf 92' lang='lat' dir='ltr'>si</span> <span class='ocrx_word' id='word_1_188' title='bbox 1076 2518 1173 2576; x_wconf 90' lang='lat' dir='ltr'>tenuis</span> <span class='ocrx_word' id='word_1_189' title='bbox 1192 2527 1244 2590; x_wconf 86' lang='lat' dir='ltr'>est,</span> 
     </span>
     <span class='ocr_line' id='line_1_26' title="bbox 203 2613 1246 2691; baseline 0 -18"><span class='ocrx_word' id='word_1_190' title='bbox 203 2613 323 2673; x_wconf 88' lang='lat' dir='ltr'>sordida</span> <span class='ocrx_word' id='word_1_191' title='bbox 344 2614 478 2690; x_wconf 88' lang='lat' dir='ltr'>putanda</span> <span class='ocrx_word' id='word_1_192' title='bbox 499 2626 558 2674; x_wconf 88' lang='lat' dir='ltr'>est:</span> <span class='ocrx_word' id='word_1_193' title='bbox 586 2615 632 2673; x_wconf 92' lang='lat' dir='ltr'>sin</span> <span class='ocrx_word' id='word_1_194' title='bbox 654 2633 762 2691; x_wconf 86' lang='lat' dir='ltr'>magna</span> <span class='ocrx_word' id='word_1_195' title='bbox 788 2625 818 2674; x_wconf 91' lang='lat' dir='ltr'>et</span> <span class='ocrx_word' id='word_1_196' title='bbox 842 2614 973 2690; x_wconf 90' lang='lat' dir='ltr'>copiosa,</span> <span class='ocrx_word' id='word_1_197' title='bbox 997 2615 1090 2672; x_wconf 90' lang='lat' dir='ltr'>multa</span> <span class='ocrx_word' id='word_1_198' title='bbox 1113 2613 1246 2690; x_wconf 90' lang='lat' dir='ltr'>undique</span> 
     </span>
     <span class='ocr_line' id='line_1_27' title="bbox 202 2710 1287 2786; baseline 0 -17"><span class='ocrx_word' id='word_1_199' title='bbox 202 2721 361 2786; x_wconf 87' lang='lat' dir='ltr'>apportans</span> <span class='ocrx_word' id='word_1_200' title='bbox 384 2710 541 2786; x_wconf 90' lang='lat' dir='ltr'>multisque</span> <span class='ocrx_word' id='word_1_201' title='bbox 560 2710 624 2770; x_wconf 91' lang='lat' dir='ltr'>sine</span> <span class='ocrx_word' id='word_1_202' title='bbox 643 2710 773 2770; x_wconf 86' lang='lat' dir='ltr'>vanitate</span> <span class='ocrx_word' id='word_1_203' title='bbox 794 2710 974 2786; x_wconf 91' lang='lat' dir='ltr'>impertiens,</span> <span class='ocrx_word' id='word_1_204' title='bbox 995 2729 1057 2769; x_wconf 91' lang='lat' dir='ltr'>non</span> <span class='ocrx_word' id='word_1_205' title='bbox 1079 2721 1123 2769; x_wconf 92' lang='lat' dir='ltr'>est</span> <span class='ocrx_word' id='word_1_206' title='bbox 1143 2710 1245 2769; x_wconf 88' lang='lat' dir='ltr'>admo·</span> <span class='ocrx_word' id='word_1_207' title='bbox 1258 2725 1287 2776; x_wconf 79' lang='lat'>25</span> 
     </span>
     <span class='ocr_line' id='line_1_28' title="bbox 202 2805 1245 2883; baseline -0.001 -17"><span class='ocrx_word' id='word_1_208' title='bbox 202 2806 274 2866; x_wconf 91' lang='lat' dir='ltr'>dum</span> <span class='ocrx_word' id='word_1_209' title='bbox 293 2805 495 2882; x_wconf 87' lang='lat' dir='ltr'>vituperanda,</span> <span class='ocrx_word' id='word_1_210' title='bbox 515 2817 604 2882; x_wconf 87' lang='lat' dir='ltr'>atque</span> <span class='ocrx_word' id='word_1_211' title='bbox 620 2805 709 2866; x_wconf 92' lang='lat' dir='ltr'>etiam</span> <span class='ocrx_word' id='word_1_212' title='bbox 730 2805 755 2864; x_wconf 92' lang='lat' dir='ltr'>si</span> <span class='ocrx_word' id='word_1_213' title='bbox 776 2806 880 2866; x_wconf 91' lang='lat' dir='ltr'>satiata</span> <span class='ocrx_word' id='word_1_214' title='bbox 893 2817 1018 2883; x_wconf 91' lang='lat' dir='ltr'>quaestu</span> <span class='ocrx_word' id='word_1_215' title='bbox 1036 2808 1084 2866; x_wconf 89' lang='lat' dir='ltr'>vel</span> <span class='ocrx_word' id='word_1_216' title='bbox 1105 2817 1245 2866; x_wconf 90' lang='lat' dir='ltr'>contenta</span> 
     </span>
     <span class='ocr_line' id='line_1_29' title="bbox 202 2900 1245 2980; baseline 0 -19"><span class='ocrx_word' id='word_1_217' title='bbox 202 2900 309 2978; x_wconf 91' lang='lat' dir='ltr'>potius,</span> <span class='ocrx_word' id='word_1_218' title='bbox 330 2912 362 2960; x_wconf 91' lang='lat' dir='ltr'>ut</span> <span class='ocrx_word' id='word_1_219' title='bbox 377 2920 465 2977; x_wconf 92' lang='lat' dir='ltr'>saepe</span> <span class='ocrx_word' id='word_1_220' title='bbox 480 2903 591 2962; x_wconf 89' lang='lat' dir='ltr'>exalto</span> <span class='ocrx_word' id='word_1_221' title='bbox 612 2902 643 2960; x_wconf 91' lang='lat' dir='ltr'>in</span> <span class='ocrx_word' id='word_1_222' title='bbox 662 2913 791 2978; x_wconf 89' lang='lat' dir='ltr'>portum,</span> <span class='ocrx_word' id='word_1_223' title='bbox 813 2922 848 2962; x_wconf 85' lang='lat' dir='ltr'>ex</span> <span class='ocrx_word' id='word_1_224' title='bbox 867 2902 932 2978; x_wconf 91' lang='lat' dir='ltr'>ipso</span> <span class='ocrx_word' id='word_1_225' title='bbox 950 2913 1037 2978; x_wconf 90' lang='lat' dir='ltr'>portu</span> <span class='ocrx_word' id='word_1_226' title='bbox 1057 2921 1088 2962; x_wconf 92' lang='lat' dir='ltr'>se</span> <span class='ocrx_word' id='word_1_227' title='bbox 1108 2902 1140 2960; x_wconf 92' lang='lat' dir='ltr'>in</span> <span class='ocrx_word' id='word_1_228' title='bbox 1160 2921 1245 2980; x_wconf 84' lang='lat' dir='ltr'>agros</span> 
     </span>
     <span class='ocr_line' id='line_1_30' title="bbox 202 2996 1244 3075; baseline -0.001 -18"><span class='ocrx_word' id='word_1_229' title='bbox 202 2996 464 3074; x_wconf 89' lang='lat' dir='ltr'>possessionesque</span> <span class='ocrx_word' id='word_1_230' title='bbox 489 2997 622 3071; x_wconf 90' lang='lat' dir='ltr'>contulit,</span> <span class='ocrx_word' id='word_1_231' title='bbox 642 2998 759 3058; x_wconf 88' lang='lat' dir='ltr'>videtur</span> <span class='ocrx_word' id='word_1_232' title='bbox 779 2997 841 3060; x_wconf 89' lang='lat' dir='ltr'>iure</span> <span class='ocrx_word' id='word_1_233' title='bbox 868 2998 983 3075; x_wconf 89' lang='lat' dir='ltr'>optimo</span> <span class='ocrx_word' id='word_1_234' title='bbox 1009 3017 1097 3074; x_wconf 91' lang='lat' dir='ltr'>posse</span> <span class='ocrx_word' id='word_1_235' title='bbox 1124 2997 1244 3058; x_wconf 85' lang='lat' dir='ltr'>laudari.</span> 
     </span>
     <span class='ocr_line' id='line_1_31' title="bbox 433 3093 1274 3171; baseline -0.005 -14"><span class='ocrx_word' id='word_1_236' title='bbox 433 3152 435 3157; x_wconf 88' lang='lat'><em>.</em></span> <span class='ocrx_word' id='word_1_237' title='bbox 451 3094 594 3154; x_wconf 90' lang='lat' dir='ltr'>Omnium</span> <span class='ocrx_word' id='word_1_238' title='bbox 608 3106 707 3154; x_wconf 90' lang='lat' dir='ltr'>autem</span> <span class='ocrx_word' id='word_1_239' title='bbox 721 3114 827 3168; x_wconf 88' lang='lat' dir='ltr'>rerum,</span> <span class='ocrx_word' id='word_1_240' title='bbox 842 3115 879 3154; x_wconf 84' lang='lat' dir='ltr'>ex</span> <span class='ocrx_word' id='word_1_241' title='bbox 893 3095 1001 3171; x_wconf 91' lang='lat' dir='ltr'>quibus</span> <span class='ocrx_word' id='word_1_242' title='bbox 1014 3093 1127 3171; x_wconf 89' lang='lat' dir='ltr'>aliquid</span> <span class='ocrx_word' id='word_1_243' title='bbox 1144 3093 1247 3170; x_wconf 90' lang='lat' dir='ltr'>adqui·</span> <span class='ocrx_word' id='word_1_244' title='bbox 1269 3124 1274 3134; x_wconf 94' lang='lat'>·</span> 
     </span>
     <span class='ocr_line' id='line_1_32' title="bbox 201 3173 1290 3268; baseline -0.005 -17"><span class='ocrx_word' id='word_1_245' title='bbox 201 3173 417 3266; x_wconf 50' lang='lat' dir='ltr'>Qffiffl‘</span> <span class='ocrx_word' id='word_1_246' title='bbox 455 3189 534 3263; x_wconf 91' lang='lat' dir='ltr'>ritur,</span> <span class='ocrx_word' id='word_1_247' title='bbox 558 3189 630 3249; x_wconf 94' lang='lat' dir='ltr'>nihil</span> <span class='ocrx_word' id='word_1_248' title='bbox 658 3202 703 3250; x_wconf 90' lang='lat' dir='ltr'>est</span> <span class='ocrx_word' id='word_1_249' title='bbox 726 3191 787 3268; x_wconf 86' lang='lat' dir='ltr'>agri</span> <span class='ocrx_word' id='word_1_250' title='bbox 811 3193 926 3252; x_wconf 88' lang='lat' dir='ltr'>cultura</span> <span class='ocrx_word' id='word_1_251' title='bbox 952 3191 1066 3264; x_wconf 90' lang='lat' dir='ltr'>melius,</span> <span class='ocrx_word' id='word_1_252' title='bbox 1082 3191 1162 3259; x_wconf 91' lang='lat' dir='ltr'>nihil</span> <span class='ocrx_word' id='word_1_253' title='bbox 1183 3192 1290 3258; x_wconf 77' lang='lat' dir='ltr'>dul-30</span> 
     </span>
     <span class='ocr_line' id='line_1_33' title="bbox 457 3288 1244 3368; baseline 0.004 -21"><span class='ocrx_word' id='word_1_254' title='bbox 457 3288 529 3362; x_wconf 90' lang='lat' dir='ltr'>cius,</span> <span class='ocrx_word' id='word_1_255' title='bbox 549 3288 622 3348; x_wconf 89' lang='lat' dir='ltr'>nihil</span> <span class='ocrx_word' id='word_1_256' title='bbox 637 3290 767 3364; x_wconf 90' lang='lat' dir='ltr'>uberius,</span> <span class='ocrx_word' id='word_1_257' title='bbox 781 3289 853 3348; x_wconf 91' lang='lat' dir='ltr'>nihil</span> <span class='ocrx_word' id='word_1_258' title='bbox 868 3290 989 3350; x_wconf 92' lang='lat' dir='ltr'>homine</span> <span class='ocrx_word' id='word_1_259' title='bbox 1003 3290 1095 3349; x_wconf 90' lang='lat' dir='ltr'>libero</span> <span class='ocrx_word' id='word_1_260' title='bbox 1110 3290 1244 3368; x_wconf 87' lang='lat' dir='ltr'>dignius:</span> 
     </span>
     <span class='ocr_line' id='line_1_34' title="bbox 202 3381 1243 3460; baseline 0.003 -19"><span class='ocrx_word' id='word_1_261' title='bbox 202 3381 241 3442; x_wconf 92' lang='lat' dir='ltr'>de</span> <span class='ocrx_word' id='word_1_262' title='bbox 259 3401 319 3458; x_wconf 87' lang='lat' dir='ltr'>qua</span> <span class='ocrx_word' id='word_1_263' title='bbox 338 3382 480 3460; x_wconf 89' lang='lat' dir='ltr'>quoniam</span> <span class='ocrx_word' id='word_1_264' title='bbox 498 3385 529 3444; x_wconf 92' lang='lat' dir='ltr'>in</span> <span class='ocrx_word' id='word_1_265' title='bbox 547 3386 663 3446; x_wconf 90' lang='lat' dir='ltr'>Catone</span> <span class='ocrx_word' id='word_1_266' title='bbox 682 3385 793 3446; x_wconf 90' lang='lat' dir='ltr'>maiore</span> <span class='ocrx_word' id='word_1_267' title='bbox 811 3385 881 3446; x_wconf 91' lang='lat' dir='ltr'>satis</span> <span class='ocrx_word' id='word_1_268' title='bbox 898 3387 994 3446; x_wconf 89' lang='lat' dir='ltr'>multa</span> <span class='ocrx_word' id='word_1_269' title='bbox 1013 3386 1148 3460; x_wconf 88' lang='lat' dir='ltr'>diximus,</span> <span class='ocrx_word' id='word_1_270' title='bbox 1169 3385 1243 3446; x_wconf 92' lang='lat' dir='ltr'>illim</span> 
     </span>
     <span class='ocr_line' id='line_1_35' title="bbox 202 3482 897 3560; baseline 0.007 -22"><span class='ocrx_word' id='word_1_271' title='bbox 202 3497 335 3540; x_wconf 85' lang='lat' dir='ltr'>assumes</span> <span class='ocrx_word' id='word_1_272' title='bbox 349 3500 425 3557; x_wconf 91' lang='lat' dir='ltr'>quae</span> <span class='ocrx_word' id='word_1_273' title='bbox 439 3482 479 3541; x_wconf 87' lang='lat' dir='ltr'>ad</span> <span class='ocrx_word' id='word_1_274' title='bbox 492 3483 572 3542; x_wconf 92' lang='lat' dir='ltr'>hunc</span> <span class='ocrx_word' id='word_1_275' title='bbox 585 3482 687 3543; x_wconf 90' lang='lat' dir='ltr'>locum</span> <span class='ocrx_word' id='word_1_276' title='bbox 699 3482 897 3560; x_wconf 85' lang='lat' dir='ltr'>pertinebunt.</span> 
     </span>
    </p>
   </div>
   <div class='ocr_carea' id='block_1_4' title="bbox 200 3643 1246 3948">
    <p class='ocr_par' dir='ltr' id='par_1_6' title="bbox 251 3643 1246 3713">
     <span class='ocr_line' id='line_1_36' title="bbox 251 3643 1246 3713; baseline 0.01 -22"><span class='ocrx_word' id='word_1_277' title='bbox 251 3643 504 3695; x_wconf 83' lang='lat' dir='ltr'>8mercennariorum</span> <span class='ocrx_word' id='word_1_278' title='bbox 520 3647 562 3696; x_wconf 88' lang='lat' dir='ltr'>Ba</span> <span class='ocrx_word' id='word_1_279' title='bbox 597 3651 607 3705; x_wconf 91' lang='grc' dir='ltr'>ΙΙ</span> <span class='ocrx_word' id='word_1_280' title='bbox 645 3661 675 3712; x_wconf 88' lang='lat'>19</span> <span class='ocrx_word' id='word_1_281' title='bbox 690 3648 780 3712; x_wconf 90' lang='lat' dir='ltr'>quibus</span> <span class='ocrx_word' id='word_1_282' title='bbox 796 3655 878 3697; x_wconf 89' lang='lat' dir='ltr'>autem</span> <span class='ocrx_word' id='word_1_283' title='bbox 893 3647 969 3705; x_wconf 69' lang='lat' dir='ltr'>codd,</span> <span class='ocrx_word' id='word_1_284' title='bbox 986 3647 1013 3698; x_wconf 88' lang='lat' dir='ltr'>in</span> <span class='ocrx_word' id='word_1_285' title='bbox 1027 3649 1093 3713; x_wconf 78' lang='lat' dir='ltr'>quod</span> <span class='ocrx_word' id='word_1_286' title='bbox 1105 3650 1165 3699; x_wconf 87' lang='lat' dir='ltr'>addi</span> <span class='ocrx_word' id='word_1_287' title='bbox 1182 3650 1246 3701; x_wconf 77' lang='lat' dir='ltr'>iubet</span> 
     </span>
    </p>

    <p class='ocr_par' dir='ltr' id='par_1_7' title="bbox 201 3724 1241 3790">
     <span class='ocr_line' id='line_1_37' title="bbox 201 3724 1241 3790; baseline 0.008 -20"><span class='ocrx_word' id='word_1_288' title='bbox 201 3728 314 3771; x_wconf 69' lang='lat' dir='ltr'>corumns</span> <span class='ocrx_word' id='word_1_289' title='bbox 327 3724 447 3772; x_wconf 78' lang='lat' dir='ltr'>Ciceronis</span> <span class='ocrx_word' id='word_1_290' title='bbox 457 3727 672 3787; x_wconf 75' lang='lat' dir='ltr'>usm,Lu,Ha&#39;ne</span> <span class='ocrx_word' id='word_1_291' title='bbox 701 3733 711 3784; x_wconf 89' lang='grc' dir='ltr'>ΙΙ</span> <span class='ocrx_word' id='word_1_292' title='bbox 742 3728 949 3778; x_wconf 79' lang='lat' dir='ltr'>a8contuleritZ</span> <span class='ocrx_word' id='word_1_293' title='bbox 976 3732 986 3786; x_wconf 86' lang='grc' dir='ltr'>ΙΙ</span> <span class='ocrx_word' id='word_1_294' title='bbox 1017 3742 1046 3790; x_wconf 81' lang='lat'>31</span> <span class='ocrx_word' id='word_1_295' title='bbox 1059 3728 1122 3777; x_wconf 91' lang='lat' dir='ltr'>nihil</span> <span class='ocrx_word' id='word_1_296' title='bbox 1133 3729 1241 3789; x_wconf 89' lang='lat' dir='ltr'>homine,</span> 
     </span>
    </p>

    <p class='ocr_par' dir='ltr' id='par_1_8' title="bbox 200 3800 1245 3948">
     <span class='ocr_line' id='line_1_38' title="bbox 200 3800 1245 3935; baseline 0.006 -83"><span class='ocrx_word' id='word_1_297' title='bbox 200 3801 270 3935; x_wconf 51' lang='lat' dir='ltr'>ff,</span> <span class='ocrx_word' id='word_1_298' title='bbox 279 3800 365 3933; x_wconf 47' lang='lat' dir='ltr'>Elpeo?</span> <span class='ocrx_word' id='word_1_299' title='bbox 386 3803 485 3868; x_wconf 79' lang='lat' dir='ltr'>dignius</span> <span class='ocrx_word' id='word_1_300' title='bbox 505 3805 571 3854; x_wconf 82' lang='lat' dir='ltr'>codd.</span> <span class='ocrx_word' id='word_1_301' title='bbox 606 3808 618 3865; x_wconf 73' lang='lat' dir='ltr'>l</span> <span class='ocrx_word' id='word_1_302' title='bbox 652 3819 683 3870; x_wconf 75' lang='lat'>3²</span> <span class='ocrx_word' id='word_1_303' title='bbox 700 3805 763 3855; x_wconf 87' lang='lat' dir='ltr'>illim</span> <span class='ocrx_word' id='word_1_304' title='bbox 784 3807 826 3856; x_wconf 87' lang='lat' dir='ltr'>Ba</span> <span class='ocrx_word' id='word_1_305' title='bbox 847 3807 928 3857; x_wconf 81' lang='lat' dir='ltr'>Heine</span> <span class='ocrx_word' id='word_1_306' title='bbox 947 3808 988 3856; x_wconf 86' lang='lat' dir='ltr'>Lu</span> <span class='ocrx_word' id='word_1_307' title='bbox 1009 3822 1068 3905; x_wconf 62' lang='lat' dir='ltr'>currai</span> <span class='ocrx_word' id='word_1_308' title='bbox 1078 3807 1145 3887; x_wconf 19' lang='lat' dir='ltr'>*mett</span> <span class='ocrx_word' id='word_1_309' title='bbox 1160 3806 1245 3858; x_wconf 67' lang='lat' dir='ltr'>coda:</span> 
     </span>
     <span class='ocr_line' id='line_1_39' title="bbox 320 3922 335 3948; baseline 0 0"><span class='ocrx_word' id='word_1_310' title='bbox 320 3922 335 3948; x_wconf 71' lang='grc' dir='ltr'><strong>ὁ</strong></span> 
     </span>
    </p>
   </div>
   <div class='ocr_carea' id='block_1_5' title="bbox 0 0 1340 4296">
    <p class='ocr_par' dir='ltr' id='par_1_9' title="bbox 0 0 1340 4296">
     <span class='ocr_line' id='line_1_40' title="bbox 0 0 1340 4296; baseline 0 2"><span class='ocrx_word' id='word_1_311' title='bbox 0 0 1340 4296; x_wconf 95' lang='lat' dir='ltr'> </span> 
     </span>
    </p>
   </div>
  </div>
 </body>
</html>
