2670 4296
199 248 236 286 20
392 229 441 286 De
458 228 573 286 semndo
591 227 674 302 officii
681 227 766 304 sonte
782 228 842 286 sive
859 227 1044 304 Beneficeutia
1099 224 1128 308 [I
1143 245 1186 286 xv
1199 244 1239 303 49

196 430 282 493 ,ming
301 429 407 489 5⁰4&
446 393 570 453 alterum
589 394 742 467 reddendi,
758 395 862 454 demus
880 413 975 454 necne
989 395 1019 454 in
1033 407 1133 455 nostra
1146 409 1243 473 potes·
1297 483 1299 487 ι

195 480 409 582 ᾆξζὲζῗξᾞῗζ,
446 501 506 548 tate
520 500 573 561 est,
588 509 650 549 non
663 491 785 550 reddere
799 491 862 550 viro
878 491 958 551 bono
977 511 1038 551 non
1056 491 1133 564 licet,
1148 493 1241 553 modo

195 580 346 680 ffig’ffl‘fn‘g
359 594 408 670 ⁰3¹3
446 585 478 646 id
513 588 608 646 facere
641 587 734 664 possit
767 587 830 647 sine
864 587 975 647 iniuria
1040 610 1086 665 49.
1128 592 1240 666 Accep

196 681 336 772 fflftffi
348 693 408 772 ἓξὲξ
446 694 543 744 torum
570 695 669 743 autem
696 684 906 744 beneficiorum
933 695 1001 744 sunt
1034 685 1158 746 dilectus
1191 687 1242 744 ha·

196 782 326 824 mmmmd-
445 781 554 842 bendi:
575 801 631 840 nec
651 782 775 841 dubium
795 782 868 858 quin
888 783 1016 843 maximo
1032 784 1140 860 cuique
1155 783 1241 860 pluri·
1269 801 1283 850 5

196 901 279 940 mum
298 881 445 941 debeatur.
489 879 525 936 In
547 897 607 953 quo
625 888 724 937 tamen
743 877 775 936 in
795 877 904 955 primis,
919 897 979 955 quo
1000 879 1124 956 quisque
1140 879 1241 940 animo

197 977 295 1037 studio
319 974 525 1036 benevolentia
551 973 659 1047 fecerit,
688 975 914 1051 ponderandum
940 985 993 1034 est,
1045 975 1134 1034 Multi
1160 975 1241 1036 enirn

197 1073 308 1133 faciunt
330 1073 424 1130 multa
445 1069 607 1130 temeritate
630 1071 758 1146 quadam
781 1069 843 1130 sine
870 1070 980 1131 iudicio
1007 1073 1054 1131 vel
1081 1072 1185 1131 morbo
1208 1071 1241 1130 in

198 1187 302 1229 omnes
315 1168 362 1226 vel
380 1165 534 1243 repentino
552 1166 692 1241 quodam,
712 1165 796 1242 quasi
814 1177 911 1240 vento,
933 1166 1045 1242 impetu
1060 1167 1152 1226 animi
1171 1166 1241 1226 inci-

198 1265 268 1325 tati:
289 1282 365 1340 quae
380 1261 525 1322 beneficia
545 1282 639 1338 aeque
657 1281 764 1338 magna
781 1281 842 1322 non
861 1274 928 1322 sunt
942 1264 1080 1323 habenda
1093 1275 1181 1339 atque
1195 1283 1238 1335 ea,
1255 1285 1285 1320 ro

198 1380 275 1438 quae
298 1357 416 1430 iudici0‚
438 1357 621 1418 considerate
641 1369 868 1435 constanterque
888 1361 986 1419 delata
1006 1370 1080 1420 sunt.
1124 1360 1183 1420 Sed
1210 1359 1241 1418 in

227 1492 319 1536 Genera,
367 1490 413 1532 mle
449 1455 625 1514 collocando
652 1454 796 1514 beneficio
824 1465 853 1514 et
873 1454 905 1513 in
925 1457 1077 1516 referenda
1095 1455 1195 1532 gratia,
1216 1455 1242 1515 si

197 1545 267 1596 given.
448 1563 545 1610 cetera
567 1548 648 1626 paria
669 1560 745 1622 sunt,
768 1551 827 1609 hoc
849 1569 985 1610 maxume
1013 1550 1101 1610 officii
1127 1561 1180 1624 est,
1208 1561 1241 1611 ut
1265 1566 1269 1578 ·

197 1651 323 1728 quisque
334 1648 460 1708 maxime
474 1645 538 1722 opis
551 1645 689 1722 indigeat,
699 1645 740 1705 ita
753 1645 781 1705 ei
793 1645 979 1723 potissimum
990 1645 1141 1723 opitulari:
1159 1647 1241 1722 quod

196 1759 300 1808 contra
315 1748 347 1804 fit
360 1765 379 1803 a
391 1743 546 1821 plerisque.
588 1744 615 1799 A
631 1760 690 1817 quo
705 1741 785 1800 enim
799 1742 957 1818 plurimum
972 1754 1098 1819 sperant,
1113 1741 1202 1802 etiam
1216 1741 1240 1801 si
1255 1763 1282 1812 ¹5

196 1843 245 1903 ille
259 1842 294 1902 iis
308 1861 370 1902 non
384 1851 458 1917 eget,
474 1850 573 1897 tamen
587 1837 615 1897 ei
628 1837 814 1913 potissimum
827 1837 994 1899 inserviunt

121 1952 185 2000 xv1
508 1951 553 2009 50.
591 1933 712 2008 Optime
730 1945 831 1992 autem
851 1933 975 1994 societas
994 1934 1149 1995 hominum
1172 1954 1241 1994 con·

222 1999 242 2039 d.
253 1995 408 2045 Aboveali,the
448 2033 454 2044 ,

197 2049 283 2110 ηομες
305 2047 329 2108 ρῐ
349 2047 407 2105 rega-
445 2032 616 2107 1uncti0que
641 2029 808 2102 servabitur,
830 2029 862 2102 si,
885 2042 917 2089 ut
942 2029 1065 2107 quisque
1092 2031 1146 2092 erit
1172 2051 1242 2091 con·

197 2096 409 2207 iffliidioiimh
446 2128 652 2200 iunctissimus,
674 2128 715 2185 ita
734 2125 766 2184 in
786 2146 855 2186 eum
875 2128 1061 2204 benignitatis
1083 2129 1241 2205 plurimum

198 2198 374 2289 tuinbiiicgiii'?
388 2195 412 2286 3}
447 2228 618 2286 conferetur.
669 2225 737 2296 Sed,
767 2243 843 2299 quae
871 2235 991 2284 naturae
1018 2225 1160 2302 principia
1183 2225 1241 2285 sint
1255 2252 1286 2286 ιο

198 2298 277 2338 human
317 2261 408 2345 dociety.
591 2320 596 2330 -
643 2319 649 2330 ·
777 2319 783 2330 .
847 2319 853 2330 .

198 2349 245 2388 The
254 2348 298 2387 first
306 2347 347 2387 and
357 2355 410 2386 most
448 2331 666 2380 communitatis
680 2331 709 2379 ei
723 2330 869 2378 soeretatls
883 2321 1038 2391 humanae,
1048 2321 1242 2397 repetendum
1295 2393 1296 2396 Ἴ

198 2396 411 2499 ξξζῗξῖξξζῖξῗξὲζ
448 2413 563 2472 videtur
576 2413 668 2472 altius.
713 2415 766 2471 Est
781 2411 860 2472 enim
873 2412 1009 2488 primum,
1020 2415 1102 2489 quod
1115 2412 1243 2480 cernitur

199 2506 267 2587 ξῐζζῗῗ
282 2496 411 2586 ῗξθωξζῇξ
448 2510 478 2569 in
490 2509 615 2570 universi
625 2508 738 2586 generis
747 2508 868 2567 humani
878 2509 1025 2569 societate.
1062 2508 1133 2569 Eius
1143 2521 1242 2569 autem

199 2595 396 2646 Whsthstimm
447 2605 598 2665 vinculum
619 2617 663 2665 est
681 2604 755 2665 ratio
774 2617 803 2664 et
822 2605 922 2678 oratio,
938 2626 1014 2683 quae
1032 2608 1169 2668 docendo
1185 2607 1243 2667 dis-

199 2706 305 2777 cendo,
316 2703 565 2764 communicando
583 2701 777 2778 disceptando
795 2701 953 2763 iudicando
972 2703 1108 2763 conciliat
1122 2703 1197 2762 inter
1209 2723 1242 2764 se
1256 2733 1287 2780 25

199 2800 335 2867 homines
349 2798 558 2876 coniungitque
571 2797 695 2857 naturali
710 2799 838 2874 quadam
852 2798 1000 2873 societate,
1015 2813 1113 2875 neque
1133 2801 1193 2858 ulla
1210 2818 1243 2859 re

198 2896 313 2973 longius
326 2897 466 2956 absumus
480 2914 498 2952 a
511 2906 614 2953 natura
627 2896 760 2967 serarum,
770 2893 801 2952 in
815 2893 922 2970 quibus
932 2893 1028 2955 inesse
1042 2894 1243 2956 fortitudinem

200 3011 287 3068 saepe
298 2991 432 3063 dicimus,
444 3001 477 3049 ut
487 2990 518 3048 in
529 2989 612 3066 equis
622 2989 653 3048 in
664 2991 797 3050 leonibus
802 3012 811 3064 ;
825 2990 964 3050 iustitiam
972 2991 1150 3067 aequitatem
1160 2990 1244 3052 boni-

199 3099 290 3147 tatem
314 3106 375 3146 non
395 3085 537 3145 dicimus:
565 3096 631 3144 sunt
649 3085 730 3145 enim
748 3085 868 3145 rationis
887 3098 916 3146 et
933 3086 1072 3147 orationis
1099 3098 1240 3164 expertes

201 3201 247 3259 51.
284 3184 330 3241 Ac
340 3182 479 3242 latissime
490 3180 610 3259 quidem
620 3193 724 3257 patens
735 3181 904 3242 hominibus
914 3181 989 3242 inter
1002 3183 1090 3259 ipsos,
1105 3183 1243 3243 omnibus
1257 3215 1288 3264 30

199 3280 274 3338 inter
288 3298 391 3354 omnes
404 3279 529 3338 societas
543 3279 617 3336 haec
631 3287 694 3350 est,
713 3277 744 3335 in
764 3298 822 3354 qua
839 3278 972 3337 omnium
992 3299 1098 3351 rerum,
1114 3299 1187 3356 quas
1203 3281 1243 3339 ad

199 3393 389 3434 communem
410 3373 565 3434 hominum
589 3393 676 3433 usum
694 3385 798 3432 natura
813 3373 921 3450 genuit,
941 3385 985 3434 est
1004 3376 1147 3435 servanda
1164 3394 1245 3435 com·

200 3469 345 3544 munitas,
364 3479 405 3542 ut,
420 3488 496 3545 quae
515 3469 654 3547 discripta
672 3481 740 3529 sunt
756 3469 868 3546 legibus
889 3480 919 3530 et
931 3469 994 3531 iure
1014 3470 1100 3544 civili,
1114 3472 1189 3531 haec
1203 3471 1245 3531 ita

248 3762 263 3805 4
279 3743 382 3795 dilectus
391 3744 433 3793 Ba
445 3744 525 3792 Hcine
534 3746 575 3794 Lu
579 3761 592 3804 ,·
608 3746 716 3796 delectus
732 3746 769 3794 Or
780 3720 820 3794 Zu
855 3749 865 3803 ΙΙ
900 3747 916 3796 8
931 3744 971 3794 vel
987 3746 1063 3795 modo
1074 3746 1146 3810 vulgo
1157 3746 1197 3797 Or
1230 3752 1241 3803 ΙΙ

204 3821 231 3871 16
243 3822 263 3872 is
274 3838 323 3872 non
334 3824 391 3887 eget
401 3824 442 3873 Zu
455 3825 492 3874 Or
494 3840 506 3883 ;
521 3824 564 3873 ille
574 3824 604 3874 iis
615 3841 665 3874 non
676 3822 731 3888 eget
741 3826 783 3875 Ba
793 3827 874 3874 Heine
884 3826 927 3874 Lu
935 3841 989 3874 cum
999 3826 1064 3874 codd.
1084 3830 1093 3884 ΙΙ
1115 3841 1146 3875 ao
1156 3834 1243 3878 natura

199 3904 287 3968 vulgo5
308 3911 409 3954 naturae
424 3905 466 3955 Ba
481 3905 562 3954 Heim
574 3905 615 3953 Lu
625 3921 679 3954 cum
691 3906 755 3954 mell.
766 3906 831 3954 codd.
869 3910 878 3964 ΙΙ
915 3921 945 3970 33
962 3906 1084 3971 descripta
1100 3908 1140 3957 Zu
1159 3907 1197 3956 Or
