2670 4296
38 881 119 966 ¹XXV

132 219 166 277 II
180 235 245 277 xxv
260 216 390 301 88-90]
468 223 648 300 Comparatio
667 227 824 286 utilitatum
999 206 1001 212 ,
1135 249 1173 306 93

131 387 191 447 Sed
204 398 268 447 toto
283 390 341 449 hoc
355 391 393 450 de
409 411 524 468 genere,
540 395 579 454 de
595 398 771 472 quaerenda,
788 399 826 458 de
842 400 1018 459 collocanda
1036 399 1171 476 pecunia,

130 486 237 544 vellem
251 486 340 546 etiam
354 488 392 548 de
406 490 525 564 utenda,
540 494 727 554 commodius
745 515 764 554 a
777 495 954 571 quibusdam
972 495 1090 573 optimis
1103 496 1172 556 viris

130 583 170 641 ad
185 584 291 641 lanum
305 583 437 644 medium
452 587 622 649 sedentibus
636 610 726 667 quam
739 593 778 650 ab
791 592 858 652 ullis
871 591 1056 669 philosophis
1069 594 1129 652 ulla
1141 592 1173 653 in

131 681 233 739 schola
246 681 417 757 disputatur.
450 687 526 745 Sunt
539 698 638 747 tamen
646 708 682 748 ea
693 686 912 766 cogn'oscenda:
933 689 1081 768 pertinent
1093 690 1172 751 enim

131 777 170 834 ad
183 776 348 851 utilitatem,
364 779 401 838 de
416 799 475 856 qua
489 783 547 841 hoc
560 783 635 843 libro
649 783 830 860 disputatum
845 796 896 845 est.
1200 803 1216 856 s

440 880 486 936 88.
531 881 591 940 Sed
618 880 816 941 utilitatum
843 880 1068 959 comparatio,
1099 901 1170 960 quo

129 954 341 1048 „ffflo‘ssessgj
380 971 460 1033 niam
480 975 529 1034 hic
549 977 633 1036 locus
653 990 715 1038 erat
737 989 866 1054 quartus,
888 999 907 1038 a
930 979 1072 1040 Panaetio
1091 999 1171 1057 prae·

129 1055 288 1151 mersum·
380 1071 538 1146 termissus,
561 1094 649 1153 saepe
671 1087 714 1136 est
735 1076 907 1137 necessaria
950 1079 1030 1136 Nam
1057 1088 1088 1138 et
1109 1097 1172 1138 cor-

128 1137 342 1249 serssssflpsslissd
379 1169 458 1244 poris
479 1173 638 1231 commoda
662 1192 731 1232 cum
752 1173 878 1233 externis
903 1184 932 1234 et
959 1185 1081 1234 externa
1100 1193 1168 1234 cum

128 1240 345 1348 iiiiiissiieffcssf
381 1266 510 1343 corporis
538 1269 655 1346 etipsa
682 1270 757 1329 inter
781 1288 813 1329 se
837 1270 967 1347 corporis
994 1280 1025 1330 et
1052 1280 1170 1330 externa
1185 1291 1215 1326 ro

130 1337 258 1379 Illustratron
271 1341 294 1380 os
306 1342 342 1382 the
572 1367 578 1380 ·
769 1368 776 1381 ·
1148 1367 1154 1380 ·

129 1401 217 1429 manner
236 1390 256 1430 in
274 1391 343 1432 which
380 1383 449 1423 cum
469 1377 594 1427 externis
615 1387 777 1445 Comparari
798 1371 901 1429 solent.
945 1370 1024 1430 Cum
1044 1378 1170 1428 extemis

129 1437 342 1538 ξῗξξῷᾞέξήξω
380 1462 510 1537 corporis
523 1463 581 1523 hoc
595 1466 687 1525 modo
701 1476 914 1542 comparantur,
930 1467 1026 1525 valere
1039 1475 1072 1524 ut
1086 1463 1170 1523 malis

378 1577 467 1634 quam
492 1560 575 1621 dives
602 1581 685 1636 esse,
717 1581 787 1622 cum
814 1562 943 1639 corporis
965 1573 1085 1622 externa
1111 1563 1169 1622 hoc

128 1651 229 1724 modo,
258 1653 340 1714 dives
372 1674 436 1715 esse
466 1656 564 1732 potius
596 1676 685 1734 quam
712 1657 857 1717 maxumis
887 1658 1017 1734 corporis
1043 1657 1167 1733 viribus3

126 1747 192 1825 ipsa
212 1750 294 1830 *inter
321 1770 352 1811 se
375 1753 504 1830 corporis
527 1754 579 1828 sic,
602 1766 636 1815 ut
658 1756 738 1816 bona
759 1757 898 1817 valetudo
922 1755 1066 1833 voluptati
1089 1767 1168 1816 ante·
1184 1768 1211 1819 ¹⁵
1292 1774 1298 1781 ·

126 1859 261 1924 ponatur,
282 1848 357 1908 vires
378 1850 534 1925 celeritati;
555 1864 740 1912 externorum
760 1864 869 1926 autem,
888 1864 922 1913 ut
937 1854 1029 1930 gloria
1049 1853 1165 1927 divitiis,

197 2009 201 2019 ,
376 1947 529 2025 vectigalia
542 1949 654 2008 urbana
672 1948 796 2010 rusticis.
840 1951 885 2026 89.
918 1950 964 2007 Ex
982 1968 1042 2024 quo
1059 1968 1166 2027 genere

126 2007 340 2118 thffddffinciiss
378 2043 605 2121 comparationis
626 2044 699 2105 illud
719 2055 764 2104 est
792 2043 914 2105 Catonis
943 2045 1034 2108 senis:
1065 2065 1165 2124 aquo

125 2110 214 2159 subrecr
378 2158 446 2198 cum
469 2150 664 2216 quaereretur,
684 2139 756 2216 quid
775 2140 903 2200 maxime
925 2139 956 2199 in
979 2160 1011 2202 re
1032 2140 1165 2202 familiari

125 2234 284 2315 expediret,
300 2241 460 2318 respondit,
477 2242 566 2300 ‘bene
579 2242 718 2317 pascere)
760 2240 841 2315 Quid
853 2241 1035 2300 secundum?
1077 2237 1164 2298 ‘Satis
1179 2249 1210 2284 ²0

125 2336 202 2397 bene
222 2341 358 2414 pascere!
401 2338 482 2413 Quid
506 2338 642 2398 tertium?
684 2340 778 2398 ‘Male
800 2337 938 2414 pascere!
979 2335 1061 2411 Quid
1082 2354 1165 2412 quar-

125 2437 207 2494 tum?
248 2435 370 2497 ‘Arare’
411 2438 450 2495 Et
474 2454 542 2494 cum
564 2435 622 2508 ille,
647 2433 699 2511 qui
723 2433 895 2510 quaesierat,
921 2431 1043 2492 dixisset
1071 2430 1165 2507 ‘Quid

124 2529 275 2590 fenerarii'
296 2543 359 2590 tum
381 2532 457 2592 Cato
473 2529 568 2606 ‘Quid
587 2529 751 2589 hominem'
773 2527 869 2605 inquit
892 2526 1070 2587 ‘occiderei'
1119 2527 1164 2584 Ex

123 2642 184 2699 quo
198 2637 228 2686 et
241 2628 340 2687 multis
355 2627 417 2687 aliis
432 2626 560 2704 intellegi
575 2627 664 2687 debet
681 2625 840 2685 utilitatum
854 2621 1088 2701 comparationes
1101 2623 1163 2682 fieri

123 2723 218 2783 solere
241 2736 379 2800 recteque
399 2725 458 2785 hoc
478 2724 650 2784 adiunctum
671 2742 735 2784 esse
759 2733 895 2799 quartum
917 2720 1163 2798 exquirendorum
1176 2733 1207 2783 ²5

123 2818 285 2879 officiorum
298 2840 398 2898 genus.
442 2839 488 2898 90.
511 2820 640 2897 Reliqua
652 2819 792 2895 deinceps
805 2837 1021 2895 persequemur.

173 3001 184 3036 1
202 2988 245 3036 sed
256 2989 493 3051 toto...disputatum
511 2993 573 3037 estc
591 2989 604 3048 5
622 3002 655 3052 90
671 2987 719 3035 huc
737 2985 889 3049 transposuit
909 2985 993 3047 Unger
1002 2982 1162 3047 probantibus

121 3068 162 3117 Ba
178 3070 259 3118 Heine
269 3071 310 3118 Lu
349 3086 365 3134 9
386 3071 457 3118 verbo
470 3077 494 3119 et
508 3076 609 3119 externa
622 3085 677 3118 cum
692 3069 801 3132 corporis
812 3068 882 3116 uncis
891 3066 1016 3115 secludunt
1025 3065 1066 3114 Ba
1080 3066 1164 3128 Unger

121 3150 208 3207 Heine,
225 3152 295 3198 mom
311 3166 373 3213 quae
387 3157 522 3214 sequuntur
542 3164 636 3213 13-14
652 3163 709 3198 cum
725 3147 966 3214 corporis-viribus.
1016 3148 1028 3206 ΙΙ
1063 3157 1092 3195 ot
1121 3143 1162 3195 vel

125 3224 191 3275 male
202 3239 302 3289 pascere
312 3224 414 3272 Heinec
427 3223 560 3271 Columella
564 3239 575 3277 ;
591 3221 651 3286 quid
662 3219 909 3285 tertiumt-pascere
923 3236 971 3270 om.
986 3222 1051 3270 codd.
1065 3228 1165 3283 praeter

123 3309 199 3357 Bern.
213 3322 225 3355 c
236 3313 257 3355 et
268 3307 350 3355 Palot.

482 3643 565 3685 LIBRI
587 3643 718 3688 suevum
740 3645 758 3686 1⁴·
759 3645 823 3689 trus
