2670 4296
181 223 219 305 92'
551 226 602 285 De
619 243 651 284 eo
671 224 843 302 beneficentia
1026 221 1073 306 [11
1087 182 1168 286 xxm
1185 231 1223 286 80
1325 250 1326 253 ¹

179 406 279 473 erepta
306 403 419 460 estest
446 391 603 452 inimicus:
637 391 686 450 cui
714 392 784 450 data
810 401 864 464 est,
888 389 978 451 etiam
1001 390 1164 452 dissimulat
1192 412 1224 453 se

179 493 312 570 accipere
326 489 454 552 voluisse
467 500 498 550 et
511 488 640 549 maxime
654 488 685 547 in
698 487 832 565 pecuniis
851 487 970 548 creditis
989 491 1117 549 occultat
1136 510 1223 550 suum

179 588 330 667 gaudium,
358 605 397 646 ne
423 584 558 645 videatur
584 603 646 644 non
673 585 762 646 luisse
790 585 942 645 solvendo.
997 588 1040 645 At
1066 606 1136 646 vero
1164 586 1220 657 ille,

179 683 232 760 qui
259 682 372 759 accepit
399 681 544 756 iniuriam,
573 692 603 742 et
631 680 766 741 meminit
793 693 824 742 et
850 701 920 759 prae
947 701 980 742 se
1007 683 1062 742 sert
1089 683 1222 743 dolorem

180 800 276 852 suum,
291 798 355 852 nec,
371 779 396 838 si
416 781 513 855 plures
534 791 603 839 sunt
623 778 772 855 ii,quibus
793 778 926 855 improbe
947 780 1050 839 datum
1068 790 1119 852 est,
1134 800 1222 856 quam
1255 798 1268 847 3

180 876 231 944 illi,
247 876 355 954 quibus
376 875 483 938 iniuste
508 878 682 954 ademptum
705 888 758 950 est,
784 877 895 937 idcirco
916 879 983 954 plus
1004 877 1094 937 etiam
1115 880 1220 938 valent.

181 976 253 1034 Non
283 972 364 1034 enim
392 993 515 1034 numero
543 976 617 1034 haec
649 975 822 1046 iudicantur,
843 977 896 1035 sed
922 978 1062 1053 pondere.
1125 977 1223 1051 Quam

181 1083 280 1132 autem
304 1070 394 1130 habet
418 1072 607 1148 aequitatem,
632 1083 665 1132 ut
689 1073 790 1149 agrurn
818 1071 918 1132 multis
945 1073 1029 1132 annis
1056 1083 1108 1132 aut
1134 1073 1224 1133 etiam

181 1166 305 1230 saeculis
323 1178 393 1228 ante
411 1187 581 1244 possessum
600 1168 652 1245 qui
671 1170 786 1227 nullum
804 1168 907 1228 habuit
928 1160 1042 1242 habeat,
1058 1169 1110 1245 qui
1124 1181 1223 1228 autem
1290 1156 1291 1160 ¹

16 1270 21 1277 '
70 1278 167 1338 xxm
429 1265 532 1338 habuit
554 1264 688 1325 amittat?
742 1266 789 1324 80.
817 1266 864 1323 Ac
884 1276 1004 1341 propter
1022 1266 1081 1325 hoc
1101 1264 1222 1325 iniuriae
1240 1293 1268 1328 ιο

181 1341 394 1444 οςςῗιῗζῗῐῖηᾚῗ
431 1382 522 1442 genus
551 1361 780 1422 Lacedaemonii
808 1363 994 1438 Lysandrum
1014 1362 1158 1438 ephorum
1178 1381 1224 1421 ex·

152 1493 154 1498 ¹
181 1444 260 1487 ’Μ’
429 1461 574 1539 pulerunt‚
596 1459 685 1536 Agim
711 1478 819 1536 regem,
845 1458 927 1534 quod
951 1478 1114 1536 numquam
1138 1471 1225 1519 antea

181 1562 261 1640 apud
274 1580 327 1621 eos
345 1559 499 1631 acciderat,
513 1567 701 1630 necaverunt,
716 1576 812 1635 exque
834 1577 871 1617 eo
893 1567 1026 1633 tempore
1047 1566 1147 1617 tantae
1168 1557 1225 1617 dis-

182 1652 301 1721 cordiae
325 1667 444 1718 secutae
468 1666 546 1727 sunt,
571 1665 604 1715 ut
628 1665 658 1714 et
681 1655 797 1732 tyranni
821 1655 979 1716 existerent
1002 1666 1032 1716 et
1057 1666 1223 1732 optumates

182 1754 445 1816 exterminarentur
465 1760 496 1810 et
517 1748 746 1826 praeclarissime
769 1749 928 1810 constituta
949 1769 994 1810 res
1016 1749 1134 1827 publica
1154 1749 1266 1818 dila-15

182 1851 305 1914 beretur.
349 1851 415 1909 Nec
441 1865 512 1906 vero
540 1847 635 1905 solum
663 1845 727 1922 ipsa
752 1846 860 1906 cecidit
884 1848 938 1906 sed
964 1846 1054 1906 etiam
1081 1845 1223 1923 reliquam

182 1948 337 2010 Graeciam
364 1943 467 2006 evertit
494 1942 719 2020 contagionibus
746 1945 900 2016 malorum,
929 1961 1005 2018 quae
1032 1963 1051 2002 a
1078 1943 1223 2003 Lacedae-

181 2043 289 2105 moniis
309 2044 458 2120 profectae
479 2049 636 2098 manarunt
656 2039 751 2099 latius.
794 2039 898 2115 Quid?
927 2051 1043 2100 nostros
1064 2039 1221 2109 Gracchos,

181 2141 228 2201 Ti.
255 2139 382 2200 Gracchi
406 2137 515 2198 summi
532 2137 586 2199 viri
609 2137 694 2212 filios,
713 2136 844 2197 Africani
864 2148 996 2214 nepotes,
1022 2155 1123 2197 nonne
1146 2153 1224 2212 agra-

431 2236 490 2298 riae
512 2233 717 2296 contentiones
744 2234 958 2312 perdiderunt?
998 2238 1046 2293 81.
1086 2236 1128 2293 At
1154 2254 1223 2294 vero
1238 2254 1268 2288 το

180 2314 393 2416 ffl'ffisffidffi}
431 2339 539 2396 Aratus
560 2334 713 2412 Sicyonius
734 2333 796 2394 iure
824 2334 965 2406 laudatur,
989 2331 1049 2408 qui,
1070 2351 1140 2391 cum
1160 2332 1223 2391 eius

180 2416 396 2506 ffissffitsmissnffffl}
432 2432 535 2492 civitas
569 2431 783 2508 quinquaginta
816 2449 910 2490 annos
940 2449 960 2489 a
987 2429 1116 2508 tyrannis
1145 2441 1223 2490 tene-

181 2515 397 2606 {hfl‘ffifflffiffi
432 2542 519 2603 retur,
548 2532 696 2607 profectus
730 2528 815 2606 Argis
850 2527 1005 2605 Sicyonem
1039 2527 1223 2588 clandestino

180 2615 392 2708 ffiffiffisse}2‡sssl·
432 2625 553 2685 introitu
580 2626 654 2686 urbe
681 2635 725 2685 est
759 2624 878 2701 potitus,
907 2644 1035 2701 cumque
1069 2636 1224 2703 tyrannum

430 2721 587 2781 Nicoclem
627 2719 787 2798 improviso
828 2720 1028 2796 oppressisset,
1074 2734 1223 2783 sescentos
1237 2748 1267 2797 ²5

181 2823 304 2895 exsules,
341 2818 392 2897 qui
426 2817 650 2895 locupletissimi
682 2819 798 2878 fuerant
832 2815 894 2878 eius
928 2818 1060 2893 civitatis,
1096 2820 1224 2881 restituit

180 2936 303 2994 remque
325 2914 475 2994 publicam
497 2915 626 2974 adventu
650 2932 705 2973 suo
727 2912 867 2974 liberavit.
909 2917 969 2975 Sed
992 2935 1061 2975 cum
1085 2935 1223 2993 magnam

181 3015 426 3075 animadverteret
446 3012 584 3072 inbonis
604 3022 635 3072 et
655 3011 888 3088 possessionibus
910 3012 1119 3087 difficultatem,
1141 3017 1224 3091 quod

180 3123 210 3172 et
244 3132 304 3184 eoS,
337 3131 412 3187 quos
445 3109 507 3187 ipse
538 3109 711 3184 restituerat,
740 3128 866 3186 quorum
892 3110 972 3169 bona
999 3111 1048 3170 alii
1074 3114 1225 3188 posseder-

184 3221 244 3283 ant,
272 3228 358 3285 egere
386 3207 603 3284 iniquissimum
638 3227 703 3268 esse
730 3207 924 3268 arbitrabatur
951 3219 980 3268 et
1009 3208 1222 3287 quinquaginta
1237 3235 1268 3282 30

180 3325 326 3365 annorum
356 3306 559 3383 possessiones
591 3307 703 3367 moveri
734 3326 796 3366 non
830 3306 917 3366 nimis
945 3326 1073 3383 aequum
1101 3309 1223 3386 putabat

180 3414 334 3480 propterea
355 3404 438 3479 quod
458 3412 520 3463 tam
540 3405 630 3481 longo
651 3403 746 3481 spatio
770 3405 864 3463 multa
890 3402 1109 3477 hereditatibus,
1131 3408 1224 3465 multa

180 3500 388 3578 emptionibus,
411 3503 505 3562 multa
527 3502 646 3562 dotibus
668 3501 845 3562 tenebantur
866 3500 929 3562 sine
951 3501 1062 3574 iniuria,
1083 3503 1223 3564 iudicavit

180 3615 277 3673 neque
300 3595 356 3656 illis
383 3596 475 3657 adimi
497 3616 553 3658 nec
575 3597 610 3657 iis
632 3617 694 3659 non
718 3597 871 3657 satisfieri
895 3616 1021 3672 quorum
1040 3598 1090 3657 illa
1108 3601 1223 3659 fuerant

181 3703 323 3767 oportere.
367 3695 414 3754 82.
458 3695 536 3754 Cum
557 3692 644 3771 igitur
664 3694 812 3754 statuisset
832 3713 907 3770 opus
928 3713 991 3754 esse
1012 3696 1051 3754 ad
1072 3714 1138 3755 eam
1159 3716 1220 3756 rem
1236 3715 1266 3766 35

166 3832 168 3835 ’
229 3823 350 3890 qaccipit
370 3825 408 3874 Or
421 3841 476 3874 cum
494 3825 618 3890 plerisque
633 3825 696 3875 codd.
717 3825 811 3889 accepit
828 3825 927 3874 Bernc
978 3829 987 3883 ΙΙ
1043 3841 1070 3875 ra
1088 3825 1165 3889 Agim
1180 3827 1222 3875 Ba

166 3913 172 3927 ”
180 3901 261 3954 Heine
271 3905 312 3954 Lu
322 3904 390 3968 Agin
404 3905 442 3954 Or
474 3908 485 3963 l
523 3907 552 3956 18
569 3905 679 3970 prolecta
689 3912 834 3956 emanarunt
844 3906 885 3955 Ba
920 3910 930 3964 l
968 3919 996 3967 31
1015 3907 1168 3972 possessione
1183 3908 1215 3956 St
