2670 4296
389 1189 548 1269 ursan
585 1190 859 1267 SECVNDVS

77 1543 92 1593 1
418 1558 441 1597 1.
485 1538 579 1612 Quam
594 1539 630 1598 ad
650 1539 773 1597 modum
795 1535 890 1596 officia
912 1537 1088 1596 ducerentur
1107 1535 1146 1595 ab

135 1616 293 1709 ,Tffiffgngf
354 1635 517 1706 honestate,
534 1637 635 1693 Marce
650 1633 700 1705 fili,
722 1643 810 1708 atque
824 1635 863 1692 ab
878 1632 959 1692 omni
972 1653 1079 1710 genere
1093 1633 1148 1693 vir-

107 1717 317 1834 tulieffiffiicy
355 1731 432 1803 tutis
458 1731 528 1791 satis
550 1731 727 1807 explicatum
750 1730 872 1791 arbitror
893 1731 968 1790 libro
990 1730 1145 1808 superiore.

107 1835 319 1876 osactionstandthe
357 1824 492 1902 Sequitur
512 1835 545 1884 ut
566 1825 640 1884 haec
667 1825 830 1884 officiorum
856 1845 964 1902 genera
991 1845 1152 1903 persequar,

106 1883 318 1976 llffilllld‘al?
357 1944 432 2001 quae
453 1923 600 2001 pertinent
620 1925 659 1982 ad
680 1923 757 1983 vitae
785 1924 897 1983 cultum
924 1934 955 1983 et
982 1926 1021 1985 ad
1047 1944 1148 1985 earum
1177 1948 1190 1995 5

106 1995 213 2037 muge*
354 2040 456 2093 rerum,
472 2021 579 2096 quibus
600 2031 722 2079 utuntur
741 2020 884 2089 homines,
903 2022 1080 2096 facultatem,
1109 2021 1149 2081 ad

107 2135 188 2193 opes,
204 2117 243 2175 ad
257 2114 374 2192 copias:
416 2115 519 2192 inquo
534 2127 596 2175 tum
617 2116 718 2192 quaeri
739 2117 800 2176 dixi
820 2117 892 2193 quid
912 2117 992 2190 utile,
1014 2117 1088 2194 quid
1107 2117 1150 2177 in-

106 2212 186 2286 utile,
201 2223 265 2271 tum
284 2231 321 2271 ex
339 2211 459 2271 utilibus
481 2211 554 2288 quid
574 2211 673 2271 utilius
687 2223 738 2271 aut
752 2212 824 2288 quid
838 2212 966 2272 maxime
979 2213 1058 2273 utile.
1101 2216 1148 2273 De

107 2307 214 2386 quibus
225 2307 322 2368 dicere
333 2308 493 2385 adgrediar,
504 2307 528 2368 si
538 2327 632 2385 pauca
643 2308 722 2384 prius
738 2309 776 2368 de
790 2307 923 2369 instituto
936 2329 971 2368 ac
986 2309 1024 2369 de
1038 2307 1148 2370 iudicio

107 2427 176 2467 meo
191 2406 300 2467 dixero.
1165 2429 1194 2463 ιο

125 2531 320 2574 meauthorsvin-
420 2518 446 2560 2.
490 2501 680 2576 Quamquam
700 2500 779 2560 enim
793 2501 859 2561 libri
873 2501 964 2561 nostri
983 2503 1149 2580 complures

106 2582 322 2682 ξῑῆξξῇζξᾞὴᾞξὲξ
358 2615 419 2655 non
446 2598 538 2655 modo
561 2597 601 2656 ad
621 2596 746 2672 legendi,
760 2598 814 2656 sed
835 2598 982 2659 etiamad
1003 2599 1150 2661 scribendi

106 2647 321 2775 ξῃῗοξξὶζξξῗῇῗξ
358 2692 488 2752 studium
503 2693 710 2766 excitaverunt,
721 2704 821 2753 tamen
834 2693 982 2753 interdum
997 2716 1099 2757 vereor
1113 2717 1151 2757 ne

105 2784 240 2885 ¹⁰fl31'lffis
256 2833 318 2874 ffim,
357 2789 534 2864 quibusdam
555 2788 642 2849 bonis
664 2789 733 2848 viris
754 2789 957 2866 philosophiae
979 2811 1090 2852 nomen
1114 2793 1151 2853 sit

156 2884 232 2976 23¹5}
249 2884 319 2984 ggfffij
357 2885 484 2945 invisum
499 2885 698 2963 mirenturque
712 2886 743 2945 in
757 2906 793 2946 ea
807 2897 922 2946 tantum
936 2905 984 2946 me
999 2907 1105 2965 operae
1120 2899 1150 2949 et
1165 2905 1192 2953 15

156 2985 190 3027 ⁶²¹
201 2985 278 3025 anans
355 2981 496 3059 temporis
509 3001 628 3057 ponere.
661 2983 725 3057 Ego
740 2993 942 3057 autem,quam
957 2982 1009 3042 diu
1019 3003 1065 3044 res
1079 2986 1151 3062 pub

107 3078 165 3138 lica
177 3099 230 3156 per
244 3099 296 3140 eos
309 3080 473 3155 gerebatur,
489 3077 596 3153 quibus
611 3097 642 3137 se
657 3076 721 3154 ipsa
734 3077 927 3151 commiserat,
943 3098 1048 3140 omnes
1070 3101 1151 3142 meas

108 3195 192 3235 curas
205 3174 458 3252 cogitationesque
472 3172 503 3231 in
517 3191 584 3232 eam
598 3174 796 3233 conferebam
840 3174 918 3233 Cum
938 3185 1038 3235 autem
1059 3176 1152 3236 domi-

107 3282 179 3331 natu
193 3271 279 3331 unius
293 3270 392 3331 omnia
406 3280 574 3330 tenerentur
594 3288 691 3345 neque
712 3279 790 3352 esset
810 3288 934 3345 usquam
955 3270 1079 3332 consilio
1099 3284 1152 3332 aut

107 3368 273 3429 auctoritati
286 3370 378 3440 locus,
394 3366 490 3427 socios
507 3366 636 3442 denique
655 3366 783 3426 tuendae
801 3365 843 3426 rei
862 3366 1007 3444 publicae,
1020 3366 1151 3430 summos
1164 3383 1196 3420 ²0

107 3464 193 3536 viros,
204 3463 374 3535 amisissem,
391 3482 447 3522 nec
461 3482 509 3522 me
523 3461 682 3538 angoribus
703 3460 815 3536 dedidi,
837 3461 944 3539 quibus
965 3483 1062 3524 essem
1082 3485 1152 3526 con-

107 3562 201 3620 sectus
224 3558 280 3618 nisi
302 3557 337 3618 iis
355 3557 534 3632 restitissem,
555 3577 613 3618 nec
633 3577 748 3618 rursum
768 3557 898 3635 indignis
918 3558 1040 3620 homine
1061 3561 1151 3621 docto

156 3717 169 3766 7
186 3703 323 3752 clausulam
340 3701 365 3749 in
387 3701 576 3764 quo-maxime
594 3700 655 3751 utile
676 3701 826 3750 seclusemnt
846 3701 883 3750 Or
900 3702 941 3750 Ba
959 3702 1050 3759 Heme,
1070 3703 1150 3752 delent

105 3782 434 3832 FasciolatusHeumannus
447 3781 608 3830 Gerntardm
641 3785 652 3838 u
688 3795 716 3830 αι
735 3797 802 3831 eram
807 3788 865 3846 post
875 3781 989 3832 Nonium
1000 3783 1038 3832 Be
