2670 4296
305 247 457 306 NOTES
495 249 586 307 Boou
601 249 634 306 II
656 267 690 306 cc
704 265 738 308 x1
753 266 799 307 xn
819 250 977 324 §340-42
1104 269 1160 327 27⁷

167 416 186 462 h
197 419 220 462 t.
253 415 331 462 tunm
341 418 373 462 ut
383 413 479 474 firmet]
495 413 651 463 consecutive
662 412 726 477 subj.
740 417 782 463 ‘so
793 413 864 464 that!

120 557 134 617 s
162 496 236 608 thu.
269 493 424 554 constituta]
440 493 488 557 iq.
505 495 561 542 bene
576 495 711 555 constituta,
731 495 802 544 ‘well
818 493 939 544 ordered)
972 495 1019 558 Cp.
1031 495 1163 546 instructos

146 574 159 621 3
219 571 259 620 27.

515 664 686 714 CHAPTER
702 664 757 713 XII

168 753 242 812 §⁴²2
259 755 280 800 1.
296 757 334 800 12.
369 756 401 801 ut
417 755 457 801 alt
471 753 627 812 Herodotus]
645 764 654 800 1
672 751 704 816 96
720 751 749 800 ol
764 751 876 810 Deiooes,
896 751 939 801 the
956 752 1020 801 fame
1035 751 1065 801 of
1078 753 1161 803 whose

118 815 206 880 justice
215 817 336 865 attracted
347 824 373 864 to
384 817 436 865 him
447 818 535 865 suitors
546 817 609 865 from
619 817 654 865 all
662 824 780 880 quartem,
795 816 832 865 till
843 825 868 865 at
880 816 926 866 last
938 817 980 866 the
988 817 1076 867 Medes
1086 820 1161 868 chose

120 882 172 930 him
183 881 221 930 for
232 881 295 929 their
305 882 366 944 king
375 882 408 940 (u.
416 894 440 929 c.
455 882 520 942 700).

167 964 187 1009 L
198 965 236 1010 14.
271 965 337 1010 hene
346 966 444 1010 moratt
450 968 527 1019 reges
537 957 687 1022 constituti]
704 961 735 1008 In
745 960 795 1010 this
809 960 872 1010 view
882 961 913 1010 ol
923 962 966 1010 the
977 962 1081 1025 origiml
1092 962 1160 1011 insti·

120 1025 200 1074 tution
212 1026 240 1073 ol
247 1025 334 1089 kingly
344 1041 428 1090 power
443 1026 532 1074 Cicero
546 1041 649 1089 appears
666 1025 724 1074 here
734 1026 784 1074 and
797 1026 894 1074 Invent.
911 1039 920 1074 1
933 1029 946 1086 ἕ
958 1042 980 1085 ο,
994 1026 1068 1075 Tusc.
1081 1030 1122 1086 vg
1135 1041 1157 1088 5,

121 1091 189 1140 Sext.
204 1092 256 1155 §91
271 1099 296 1138 to
307 1091 370 1138 have
386 1090 501 1138 followed
517 1090 556 1138 his
570 1098 660 1138 master
677 1090 830 1149 Posidonius,
850 1106 866 1138 a
882 1105 984 1154 passage
999 1090 1062 1138 lrom
1076 1091 1159 1140 whose

120 1155 190 1203 work
202 1151 363 1216 προτρεπτικὰ
373 1154 425 1213 (the
436 1154 602 1218 groundwork
610 1154 642 1202 of
653 1154 764 1203 Cicero’s
775 1154 931 1214 Hortensius)
947 1155 969 1204 is
983 1156 1113 1218 preserved
1127 1156 1160 1219 by

121 1219 209 1268 Senec.
227 1235 266 1282 ep.
284 1230 335 1266 xrv
353 1234 366 1266 ο
384 1222 426 1285 (90
437 1221 450 1277 ᾗ
463 1218 486 1279 5)
504 1219 547 1267 illo
559 1234 613 1281 ergo
628 1220 726 1278 saeculo,
746 1219 812 1282 qnod
823 1235 928 1267 auremn
940 1220 1073 1282 perhibent,
1087 1228 1160 1283 penes

119 1284 431 1347 sapientessuisseregnnm
442 1283 584 1331 Poseidonias
598 1284 698 1331 induat.
730 1284 761 1330 tii
774 1284 930 1332 continebant
945 1300 1035 1332 manus
1050 1291 1074 1332 et
1088 1284 1160 1348 infir-

121 1349 222 1397 miorem
241 1364 258 1395 a
277 1348 440 1396 ualidioribus
455 1348 678 1396 medantum-Sed
687 1354 818 1411 postquam
837 1348 1019 1411 subrepentibus
1041 1349 1109 1397 ue'tiis
1130 1349 1161 1396 in
1247 1405 1249 1409 y

119 1413 279 1475 tyrannidem
290 1428 366 1475 regna
376 1427 489 1460 conversa
499 1420 564 1470 sunt,
578 1419 637 1475 opus
647 1429 694 1461 esse
705 1413 782 1475 eoepit
793 1412 891 1474 legibus,
909 1429 971 1476 quas
980 1419 1004 1461 et
1019 1414 1084 1476 ipsas
1095 1414 1161 1463 inter

121 1477 199 1525 initia
215 1478 290 1525 tulere
304 1478 430 1540 sapientes.
466 1477 514 1539 Cp.
526 1478 558 1524 de
568 1493 620 1539 rep.
635 1489 656 1525 11
672 1478 685 1535 ἕ
700 1492 739 1536 24,
753 1476 853 1525 Tacitus
864 1478 930 1526 Ann.
946 1489 979 1525 111
993 1477 1023 1526 ab
1029 1485 1159 1541 postquam

119 1542 182 1589 exui
190 1541 327 1604 aequalitas
336 1548 359 1588 et
366 1549 412 1603 pro
423 1542 537 1589 modestia
546 1557 576 1588 ao
581 1543 675 1603 pudore
690 1541 792 1589 ambitio
805 1549 828 1589 et
836 1541 877 1588 vis
888 1542 1014 1600 incedebat,
1030 1550 1160 1605 provenere

119 1606 205 1653 statim
214 1605 524 1668 dominationes-quidam
537 1607 629 1665 statim,
646 1612 692 1653 aut
701 1613 830 1668 postquam
846 1622 931 1669 regum
942 1613 1090 1670 pertaesum,
1101 1607 1160 1670 leges

121 1670 271 1728 maluerunt,
288 1670 374 1718 lustin.
388 1670 455 1718 Hist.
469 1670 576 1734 Philipp.
589 1671 604 1718 l.
623 1686 633 1718 r
643 1671 772 1734 principio
787 1686 879 1729 rerum,
890 1673 1002 1733 gentium
1019 1672 1160 1719 nationum-

119 1749 168 1796 que
184 1735 316 1797 e'mperium
329 1743 402 1798 penes
419 1749 481 1797 reges
498 1742 569 1792 erat,·
584 1750 642 1797 quos
658 1735 696 1782 ad
706 1735 844 1797 fastigium
861 1736 937 1783 buius
954 1736 1088 1785 mae'estatis
1108 1751 1159 1783 non

120 1799 223 1847 ambitio
227 1800 366 1863 popularis,
378 1799 530 1862 adspectata
542 1800 608 1846 inter
617 1800 686 1848 bonos
697 1799 827 1848 moderatio
832 1800 984 1863 provehebat.

166 1879 186 1926 t
201 1882 245 1928 te:
270 1879 358 1940 inope]
374 1879 477 1928 another
488 1879 589 1941 reading
599 1878 620 1927 is
632 1880 676 1927 ‘in
686 1877 766 1940 otio‚’
780 1879 820 1927 ‘in
831 1879 891 1929 time
901 1880 930 1928 os
938 1877 1031 1944 peace!

167 1962 236 2010 tte.
270 1960 468 2020 confugiebant]
501 1961 612 2023 Draeger
623 1960 681 2008 hist.
693 1967 756 2022 synt.
769 1961 783 2018 ὅ
797 1975 843 2008 100
853 1975 879 2024 p.
894 1972 947 2022 ¹⁷¹·

169 2043 320 2098 prohiberet
339 2044 438 2089 muru
460 2041 603 2100 tenuiores]
634 2040 769 2088 ‘defended
797 2039 839 2088 the
866 2055 954 2102 poorer
980 2039 1069 2088 classes
1096 2037 1159 2088 from

120 2104 225 2168 wrong.'
257 2105 396 2154 Prohiberet
414 2105 538 2153 iniuriam
556 2121 572 2152 a
590 2105 742 2152 tenuioribus
761 2103 843 2152 would
862 2103 925 2152 have
947 2104 1013 2152 been'
1029 2105 1071 2153 the
1090 2119 1159 2153 more

120 2170 189 2218 usual
207 2170 380 2219 construction.
415 2171 461 2233 Cp.
483 2170 533 2218 Cic.
553 2185 598 2232 pro
618 2169 665 2232 leg.
683 2169 752 2216 Man.
772 2171 786 2227 ἓ
805 2170 833 2216 ι8
851 2175 885 2216 est
900 2169 980 2230 igitur
994 2168 1160 2216 huneanitatis

119 2242 213 2283 vestrae
223 2250 340 2297 magnum
350 2250 483 2282 aurarum
495 2235 586 2281 civium
597 2233 768 2281 calamitate
771 2232 931 2296 prohibere,
946 2233 1035 2280 Caesar
1046 2233 1078 2281 de
1089 2233 1118 2281 B.
1126 2233 1158 2281 G.

121 2310 131 2347 1
152 2312 181 2358 15
198 2299 294 2358 bostem
311 2299 419 2361 rapinis,
431 2298 631 2362 pabulationibus
647 2297 891 2360 populationibusque
906 2297 1068 2360 probibere,
1095 2297 1160 2346 Hor.

120 2365 172 2412 Od.
185 2375 194 2411 1
208 2375 245 2425 27,
263 2381 279 2424 4
293 2363 416 2411 Bacchum
429 2362 570 2425 sanguineis
579 2361 729 2424 prohibete
742 2361 814 2420 maes,
832 2377 873 2424 ep.
891 2373 900 2410 1
919 2376 940 2416 1,
956 2377 985 2422 31
999 2369 1086 2424 corpus
1096 2369 1161 2422 pro·

120 2429 220 2477 hibere
226 2429 342 2490 podagra,
359 2427 421 2490 Livy
432 2438 489 2474 xxv
504 2441 531 2488 15
543 2442 613 2490 agros
618 2426 820 2489 populationibus
826 2425 992 2488 probibere,
1006 2425 1097 2488 Zumpt
1113 2425 1156 2475 Gr.

120 2491 206 2552 5460.
240 2491 366 2553 Similarly
384 2506 429 2539 our
446 2491 514 2538 word
534 2493 575 2538 ‘to
585 2489 707 2553 'prevent’
756 2489 888 2549 raevenire)
905 2489 950 2538 has
966 2505 981 2537 a
996 2490 1087 2538 double
1102 2505 1159 2538 con·

119 2556 256 2605 struction:
274 2571 316 2640 ,we
335 2555 411 2619 speak
427 2554 456 2604 of
474 2555 632 2618 ‘preventing
650 2555 727 2614 harm,
753 2554 802 2602 and
820 2553 850 2602 of
867 2554 1023 2618 ‘preventing
1039 2570 1054 2602 a
1070 2569 1160 2618 person

120 2621 183 2670 lrom
194 2620 273 2668 harm.

166 2704 186 2749 t
198 2704 235 2748 12.
268 2703 328 2758 puri
338 2699 407 2760 lure]
424 2700 472 2764 ‘by
483 2715 515 2748 an
526 2699 635 2764 equality
644 2699 674 2748 of
682 2697 765 2762 right,’
777 2697 896 2763 Nigelsb.
911 2697 954 2747 lat.
968 2698 1024 2747 Stil.
1036 2713 1061 2762 p.
1075 2696 1113 2748 60.

166 2780 311 2840 retinebat]
335 2780 398 2828 Hor.
418 2781 469 2829 Sat.
488 2792 498 2829 1
517 2795 538 2840 1,
564 2783 595 2845 89
615 2780 640 2828 si
658 2787 769 2844 cognatos
789 2779 920 2829 retinere
940 2778 1009 2843 velis
1019 2794 1161 2843 servareque

117 2846 215 2904 amieos,
229 2846 261 2894 de
272 2845 312 2894 off.
328 2845 443 2905 11524L
458 2841 481 2894 6.

166 2929 186 2974 1.
197 2931 236 2974 20.
268 2925 372 2985 mcum]
390 2941 423 2973 sc.
434 2925 718 2974 constituendorum.
753 2923 919 2988 [cp.Lucian
931 2923 1161 2972 decatumnerts

118 2992 167 3051 γὰρ
189 2988 229 3039 οὐκ
250 2989 280 3039 ἂν
301 2989 458 3050 ὁμολογήσειε
476 2991 520 3047 τὴν
542 2988 585 3047 μὲν
606 2991 708 3046 ἰσότητα
731 2990 755 3037 ἐν
774 2990 863 3036 ἅπαντι
883 2991 923 3036 sal
944 2988 972 3036 τὸ
994 2989 1066 3046 μηδὲν
1088 2989 1162 3036 πλέον
1240 3058 1241 3062 ¹

119 3052 266 3115 δικαιοσύνης
277 3056 337 3115 ἔργα
348 3055 415 3112 εἶναι,
426 3056 455 3102 τὸ
467 3055 492 3102 δὲ
504 3052 584 3102 ἅνιοὸν
594 3071 622 3102 re
633 3056 672 3101 nal
685 3054 849 3102 πλεονεκτικὸν
860 3050 963 3112 diesim
972 3064 993 3110 J.
1000 3064 1053 3102 M.
1062 3052 1107 3114 eu]

165 3139 186 3184 1.
198 3140 234 3185 21.
271 3135 360 3196 aliter]
376 3135 423 3199 iq.
435 3135 551 3199 alioqui
566 3133 728 3194 ‘otherwise’
740 3137 774 3194 15
789 3149 841 3198 139,
856 3145 890 3182 111
902 3136 915 3193 ς
929 3148 965 3196 17.

165 3218 241 3277 5⁴²·
254 3219 274 3264 1.
285 3221 324 3264 2³.
356 3217 454 3276 minue]
472 3233 489 3264 a
499 3216 587 3279 simple
598 3216 711 3279 negative
717 3235 738 3256 =
738 3223 841 3278 parum,
854 3214 966 3264 minime.

167 3310 235 3354 quae
245 3297 426 3357 loquerentur]
437 3297 592 3346 consecutive
608 3295 762 3358 subjunctive
772 3295 834 3344 alter
843 3311 915 3360 quae.

164 3380 185 3426 1.
197 3383 234 3426 25.
267 3377 486 3437 mutos1sc.esse.

164 3462 236 3507 Me.
269 3462 393 3508 adiuncto
403 3460 445 3519 ut]
463 3458 500 3506 ‘if
508 3459 656 3508 inaddition
667 3458 726 3522 they
736 3473 800 3507 were
811 3456 916 3521 thought
927 3453 1004 3506 wise'
1035 3455 1162 3508 Adiuncto

117 3523 203 3572 ut=si
217 3539 272 3570 uero
281 3524 411 3571 accessisset
426 3529 461 3582 ut,
477 3539 517 3587 cp.
536 3525 599 3573 Hor.
618 3524 665 3587 Ep.
687 3535 747 3582 110,
767 3536 798 3583 50
811 3527 931 3585 excepto,
946 3520 1012 3586 quod
1025 3536 1076 3568 non
1087 3522 1164 3570 simul

117 3603 182 3646 esses,
196 3594 271 3635 cetera
287 3587 372 3646 laetus,
386 3588 418 3636 de
435 3586 476 3637 fin.
498 3600 519 3636 11
537 3590 550 3647 ξ
566 3588 596 3649 85
609 3587 738 3652 perfecto
753 3593 777 3635 et
790 3586 923 3635 concluso
939 3601 1016 3649 neque
1028 3586 1162 3635 virtutibus

118 3653 197 3701 heum
210 3667 263 3700 esse.
299 3651 389 3715 Zumpt
407 3651 449 3701 Gr.
465 3649 544 3713 5647,
560 3652 588 3700 P.
605 3655 631 3702 S.
644 3651 688 3700 Gr.
700 3666 725 3715 p.
738 3664 794 3714 497,
809 3650 913 3713 Madvig
930 3650 972 3698 Gr.
992 3652 1078 3713 §.429·
1113 3650 1160 3714 Cp.

117 3732 163 3780 pro
174 3716 221 3778 leg.
233 3717 323 3775 Man.§
334 3732 366 3778 50
376 3732 431 3764 cum
443 3717 499 3764 baec
509 3732 600 3779 quoque
609 3714 777 3780 opportunitas
786 3714 971 3777 adiungatur
980 3713 1049 3762 utin
1060 3713 1092 3762 iis
1103 3714 1162 3779 ipsis

117 3781 174 3829 locis
184 3781 250 3828 adsit
260 3788 317 3829 cett.
351 3781 462 3843 Draeger
472 3781 528 3830 hist.
545 3781 614 3844 Synt.
631 3792 661 3829 11.
675 3783 688 3839 ἓ
700 3780 754 3843 387.

165 3865 183 3910 L
198 3866 236 3912 29.
269 3862 420 3924 remanda]
436 3877 481 3927 cp.
490 3863 522 3912 de
532 3862 624 3912 invent.
637 3873 647 3912 1
659 3863 672 3922 fi
684 3875 698 3923 3
708 3860 786 3924 fidem
797 3859 869 3910 colere
883 3865 908 3908 et
923 3858 1076 3908 iustitiam
1091 3859 1161 3910 reti·

117 3942 191 3976 nere.
