2670 4296
134 203 200 266 xxiv
340 184 343 188 Δ
562 205 759 269 Introduction

132 378 280 439 therefore
303 378 355 438 did
374 389 427 439 not
449 381 536 440 allow
553 381 605 440 the
623 399 711 441 name
733 381 769 439 of
789 380 903 457 ‘good’
921 372 953 438 to
973 381 1055 438 these
1073 397 1187 455 posses-

134 475 224 551 sions,
239 479 286 537 for
299 477 364 537 that
377 480 446 554 only
460 478 484 538 is
503 479 584 556 good
602 479 699 539 which
717 480 742 538 is
757 490 788 538 to
809 480 848 539 be
868 477 985 538 desired
1004 480 1049 538 for
1062 475 1098 536 its
1109 493 1185 537 'own

133 575 213 635 sake.
255 576 323 635 The
337 575 498 653 happiness
512 576 608 636 which
622 576 716 637 virtue
731 578 877 654 produces
895 575 920 635 is
939 576 1050 652 perfect
1063 573 1094 633 in
1108 573 1190 634 itself

133 674 194 734 and
217 686 328 735 cannot
356 676 395 736 be
422 675 576 736 increased
600 677 640 753 by
664 677 715 736 the
738 675 874 736 addition
899 677 934 736 of
949 677 1032 735 these
1056 676 1186 734 extemal

133 771 329 848 possessions,
358 790 414 833 nor
440 775 577 834 lessened
605 774 645 852 by
667 773 744 833 their
770 776 907 834 absence.
950 774 1000 833 On
1028 774 1078 832 the
1101 772 1185 831 other

133 869 224 942 hand,
247 870 317 947 they
336 882 446 931 cannot
469 874 570 932 confer
590 873 752 950 happiness
772 891 856 949 upon
876 873 963 932 those
983 870 1050 930 who
1070 870 1111 929 do
1132 880 1186 929 not

134 992 252 1050 possess
280 973 381 1034 virtue.
424 974 491 1034 The
518 985 598 1034 most
624 973 740 1034 wicked
761 993 832 1033 man
861 992 930 1051 may
953 991 1073 1049 possess
1102 971 1184 1030 thern

134 1070 257 1133 without
265 1071 355 1150 being
368 1073 456 1131 made
471 1072 564 1133 either
573 1074 631 1133 less
641 1071 756 1132 wicked
767 1091 801 1132 or
809 1071 952 1148 unhappy
966 1071 1005 1146 by
1014 1070 1114 1144 them;
1132 1069 1184 1128 the

133 1168 267 1229 virtuous
280 1189 351 1229 man
370 1171 443 1230 does
461 1180 516 1230 not
537 1170 615 1230 need
634 1171 725 1245 them,
748 1169 794 1229 his
813 1170 976 1247 happiness
994 1170 1019 1230 is
1034 1170 1184 1247 complete

134 1264 265 1326 without.
310 1266 361 1324 All
375 1270 504 1327 externa]
519 1267 617 1345 things
632 1267 777 1327 therefore
791 1285 849 1339 are,
865 1286 897 1325 as
911 1268 954 1325 far
967 1286 999 1325 as
1014 1267 1064 1326 the
1078 1263 1184 1342 happi-

75 1355 77 1363 ’
134 1382 203 1424 ness
221 1364 256 1424 of
264 1383 334 1422 man
348 1363 373 1423 is
387 1366 564 1440 concerned,
579 1363 747 1424 indifferent
757 1360 931 1442 (ἀδιάφορα).
962 1362 1185 1439 Consequently

134 1460 185 1520 the
208 1470 344 1537 contrary
367 1458 475 1538 things,
498 1464 572 1522 such
594 1481 627 1520 as
649 1472 780 1541 poverty‚
806 1460 947 1533 sickness,
971 1479 1020 1520 are
1040 1479 1081 1519 no
1102 1458 1182 1532 evils,

135 1611 225 1672 ὠφελεῖ
239 1608 302 1671 μήτε
316 1610 436 1675 βλάπτει·
456 1612 505 1661 οῖον
520 1609 576 1672 ζωή,
594 1609 680 1675 ὐγίεια,
699 1612 778 1674 ἡδονή,
791 1609 888 1670 κάλλος,
901 1607 977 1672 ίσχός,
993 1607 1102 1670 πλοῦτος,
1118 1610 1181 1670 δόξα,

135 1693 250 1753 εὐγένεια,
263 1694 302 1741 καί
314 1692 346 1742 ro*
356 1689 448 1743 τούτοις
459 1695 565 1751 ἐναντία,
575 1692 681 1754 θάνατος,
693 1695 768 1752 νόσος,
780 1693 857 1752 πόνος,
870 1694 960 1753 αίσχος,
973 1689 1092 1747 ἀσθένεια,
1105 1692 1184 1750 πενία,

134 1771 224 1832 ἀδοξία,
237 1775 362 1835 δυσγένεια
374 1777 414 1823 καί
425 1771 453 1823 τό
464 1771 557 1824 τούτοις
569 1771 740 1837 παραπλήσια·
755 1778 789 1836 μὴ
800 1770 848 1837 γὰρ
859 1775 918 1823 εῖναι
929 1769 1005 1822 ταῦτα
1017 1769 1106 1835 αγαθὰ,
1121 1768 1185 1820 chit

134 1852 262 1915 ἀδιάφορα,
280 1853 334 1903 κατ’
353 1856 412 1904 εῖδος
431 1857 584 1918 προηγμένα·
609 1852 638 1906 ὡς
655 1855 702 1918 γὰρ
720 1857 779 1904 ίδιον
798 1856 885 1916 θερμοῦ
901 1857 930 1903 τό
950 1855 1090 1916 θερμαίνειν,
1109 1855 1136 1901 οὐ
1155 1853 1184 1900 τό

135 1933 230 1998 ψύχειν,
244 1935 306 1984 οὕτω
323 1937 362 1984 καί
378 1932 472 1998 ἀγαθοῦ
486 1938 515 1984 τό
532 1938 644 1997 ὠφελεῖν,
662 1939 688 1985 οὐ
704 1937 733 1984 τό
748 1935 876 1999 βλάπτειν,
894 1938 922 1984 οὐ
938 1938 1032 1994 μᾶλλον
1053 1936 1079 1982 δέ
1096 1935 1187 1995 ῶφελεῖ

134 2013 265 2078 ἦβλόπτει
277 2016 290 2064 δ
301 2013 405 2067 πλοῦτος
417 2019 456 2065 καί
467 2014 483 2077 ἦ
494 2014 584 2079 ὑγίεια·
601 2020 644 2066 οὐκ
654 2015 700 2080 ἄρα
715 2015 807 2079 ἀγαθόν
825 2015 879 2065 οὔτε
897 2013 1000 2066 πλοῦτος
1019 2018 1073 2065 οὐτε
1092 2011 1183 2078 ὑγίεια·

134 2099 170 2146 ἔτι
181 2099 209 2146 πέ
220 2104 301 2158 φασιν,
316 2097 336 2159 ᾤ
348 2100 414 2147 ἐστιν
426 2096 454 2148 εὐ
471 2100 511 2148 καί
529 2101 606 2149 κακῶς
623 2101 737 2161 χρῆσθαι,
751 2095 823 2147 τοῦτο
835 2100 876 2147 οὐκ
888 2100 954 2146 έστιν
965 2095 1068 2160 ἀγαθόν·
1087 2094 1184 2158 πλοότιρ

135 2181 160 2229 δέ
171 2181 210 2228 καί
222 2176 301 2241 ὑγιεία
312 2182 378 2229 ἔστιν
389 2182 415 2228 εὐ
426 2181 466 2229 καί
477 2182 553 2230 κακῶς
563 2177 683 2242 χρῆσθαι·
700 2182 741 2228 οὐκ
748 2177 796 2242 δρα
807 2176 899 2241 όγαθδν
910 2175 1013 2228 πλοῦτος
1024 2180 1063 2227 καί
1074 2174 1181 2240 ὐγίεια.,.

133 2259 188 2309 ἀλλ’
201 2261 252 2309 οὐδέ
263 2262 306 2319 τῆν
317 2258 402 2320 ἡδονὴν
419 2259 513 2323 όγαθόν
531 2267 614 2322 φασιν·
630 2261 692 2308 εῖναι
711 2257 758 2322 γὰρ
776 2262 816 2308 καί
836 2257 938 2320 αἰσχρός
956 2256 1051 2318 ῆδονός·
1068 2260 1141 2318 μηδὲν
1159 2260 1184 2307 δέ

135 2344 237 2405 αἰσχρόν
248 2344 308 2390 εῖναι
319 2341 412 2402 α’γαθόν
421 2342 534 2404 τ...διχῶς
545 2341 571 2390 δέ
587 2343 703 2402 λέγεσθαι
719 2338 846 2403 ἀδιάφορα·
862 2339 929 2400 ἅπαξ
943 2343 995 2399 μέν,
1012 2338 1044 2389 τό
1053 2338 1115 2399 μῆτε
1126 2342 1184 2401 πρὸς

133 2426 282 2480 εὐδαιμονίαν
291 2423 353 2485 μήτε
364 2425 423 2486 πρός
435 2424 616 2483 κακοδαιμονίαν
628 2420 797 2485 συνεργοῦντα,
810 2421 839 2473 ῶς
850 2425 902 2484 ἔχει
914 2422 1015 2472 πλοῦτος
1026 2418 1104 2484 ὐγίεια
1116 2424 1184 2482 ίσχδς

134 2507 191 2568 δόξα
208 2509 248 2557 καί
263 2506 294 2556 τό
310 2504 392 2563 ὁμοῖα·
413 2507 537 2566 ἐνδέχεται
554 2506 603 2567 γδρ
623 2506 662 2553 καί
681 2507 755 2567 χωρίς
773 2507 863 2553 τούτων
883 2506 1035 2562 εὐδαιμονεῖν,
1054 2505 1097 2563 τῆς
1115 2506 1185 2554 ποιῖις

134 2593 212 2640 αὐτῶν
229 2588 337 2652 χρῆσεως
355 2585 515 2648 εὐδαιμονικῆς
528 2590 599 2648 οὔσης
614 2586 630 2648 ἡ
646 2584 848 2648 κακοδαιμονικῆς.
884 2589 964 2637 ἄλλως
975 2588 1000 2635 δὲ
1011 2587 1111 2647 λέγεται
1122 2585 1185 2634 ἀδιοί-

135 2678 206 2734 φορα,
224 2669 256 2720 τα
275 2670 336 2732 μήτε
348 2666 420 2732 ὁρμῆς
430 2667 488 2728 μήτ’
507 2667 617 2732 ἀφορμῆς
634 2666 749 2728 κινητικά·
768 2665 797 2719 ῶς
815 2670 868 2731 ἔχει
878 2669 907 2716 πό
923 2669 1004 2730 ἀρτίας
1014 2668 1080 2728 έχειν
1091 2669 1131 2715 έπί
1142 2664 1185 2725 τῆς
1212 2710 1215 2716 .

134 2753 241 2814 κεφαλῆς
251 2755 336 2816 τρίχας
347 2751 363 2812 ῆ
375 2749 492 2812 περιττός,
507 2749 523 2811 ἢ
534 2753 635 2800 ἐκτεῖναι
646 2753 688 2800 τόν
698 2751 813 2800 δάκτυλον
823 2749 840 2811 ἢ
851 2752 982 2799 συντεῖλαι·
1001 2751 1048 2797 τῶν
1063 2750 1184 2811 προτέρων

133 2835 269 2895 ἀδιαφόρων
281 2833 359 2883 οὐκέθ’
370 2831 432 2882 οὕτω
441 2834 586 2895 λεγομένων.
623 2829 697 2895 ὁρμῆς
712 2832 762 2895 γάρ
779 2835 845 2882 έστιν
860 2834 938 2881 ἐκεῖνα
954 2833 992 2880 καί
1002 2828 1110 2893 ἀφορμῆς
1120 2848 1184 2888 κινη·

133 2914 267 2965 πικό,..τῶν
294 2915 430 2978 δδιαφόρων
457 2916 489 2963 τό
515 2916 559 2974 μέν
586 2915 687 2976 λέγουσι
710 2915 857 2977 προηγμένα,
882 2912 913 2962 τό
934 2915 960 2962 δέ
979 2910 1182 2975 ἀποπροηγμένα·

134 2998 273 3059 προηγμένα
279 2999 323 3055 μέν
330 2996 361 3045 τὰ
369 2999 458 3058 έχοντα
470 2993 620 3057 ἅξίαν...οίον
631 2997 672 3045 έπί
682 2997 725 3055 μέν
736 2998 785 3044 τῶν
797 2997 905 3059 ψυχικῶν
917 2995 1016 3055 εὐφυίαν
1026 2995 1116 3056 τέχνην
1128 3009 1184 3055 προ·

134 3079 211 3136 κοπὴν
222 3078 261 3125 καί
272 3076 303 3126 τό
313 3074 390 3135 όμοῖα·
409 3079 449 3127 έπί
461 3078 486 3127 δὲ
497 3080 545 3126 τῶν
558 3079 708 3137 σωματικῶν,
725 3077 786 3140 ζωὴν
798 3074 890 3139 ὑγίειαν
903 3077 985 3140 φώρην
1001 3076 1092 3134 εὐεξίαν
1105 3074 1182 3137 ιίρτιό-

133 3176 195 3218 τητα
207 3157 305 3206 κάλλος·
322 3159 362 3206 έπί
381 3159 407 3207 δὲ
424 3160 472 3206 τῶν
490 3158 564 3218 ἐκτός,
585 3160 690 3207 πλοῦτον
707 3160 775 3218 δόξαν
789 3160 912 3220 εὐγένειαν
928 3158 967 3206 καί
983 3156 1015 3204 τό
1026 3153 1107 3215 ὅμοια·
1123 3154 1182 3205 ἀπο-

134 3240 274 3305 προηγμένα
295 3239 327 3298 δέ,
347 3238 377 3288 τὰ
393 3238 492 3299 ἀναξίαν
509 3241 607 3300 ἔχοντα,
625 3241 667 3287 έπί
676 3241 721 3298 μέν
732 3240 780 3287 τῶν
793 3241 901 3302 ψυχικῶν
911 3235 999 3300 εὐφυΐαν
1010 3235 1125 3298 ἀτεχνίαν
1142 3238 1181 3285 καί

133 3316 254 3378 τδδροια·
274 3320 315 3367 ἐπί
333 3320 358 3368 δέ
374 3321 423 3367 τῶν
441 3322 584 3380 σωματικῶν
605 3315 708 3368 θάνατον
726 3319 797 3368 νόσον
811 3315 935 3367 οἷσθένειαν
949 3318 1061 3378 καχεξίαν
1075 3313 1184 3379 πῆρωσιν

133 3403 217 3462 αἶσχος
236 3403 274 3449 καί
293 3398 324 3449 τὰ
340 3400 421 3461 ὅμοια·
442 3402 483 3450 ἐπί
503 3402 528 3451 δέ
547 3403 595 3449 τῶν
614 3401 688 3460 έκτός,
710 3402 794 3449 πενίαν
813 3398 909 3460 ἀδοξίαν
931 3401 1069 3460 δυσγένειαν
1089 3400 1128 3447 καί
1151 3400 1183 3446 τό

133 3480 302 3544 παραπλήσια·
319 3486 374 3530 οὐτε
386 3483 412 3530 δέ
422 3481 535 3544 προήχθη
546 3483 601 3530 οὐτε
613 3481 776 3544 αποπροῆχθη
790 3480 821 3530 τό
834 3482 959 3543 οὐδετέρως
969 3482 1068 3541 ἔχοντα’
1086 3482 1122 3529 έτι
1132 3482 1182 3528 τῶν

133 3564 289 3624 προηγμένων
299 3562 383 3622 τὰμὲν
395 3560 425 3611 δι’
436 3560 497 3613 αὐτοὶ
508 3560 627 3625 προῆκται
638 3561 668 3611 τὰ
679 3565 705 3611 δέ
716 3561 747 3611 δι’
758 3564 836 3625 ἔτερα,
848 3559 879 3611 τὰ
895 3564 920 3611 δὲ
937 3564 976 3611 καί
989 3559 1018 3609 δι’
1030 3557 1090 3609 αὐτοὶ
1102 3564 1142 3610 καί
1153 3561 1183 3610 δι’

132 3645 210 3706 ἔτερα.
247 3642 276 3692 δι’
289 3643 350 3692 αὐτοὶ
358 3646 402 3702 μέν
414 3644 499 3705 εὐφυΐα
510 3645 620 3707 προκοπὴ
631 3645 670 3692 καί
681 3640 712 3693 τὰ
722 3644 804 3702 δμοια·
823 3641 852 3691 δι’
869 3645 940 3706 ἔτερα
956 3645 980 3692 δέ
998 3643 1102 3690 πλοῦτος
1117 3645 1184 3704 εὐγέ-

133 3741 184 3772 νεια
195 3725 233 3773 καί
244 3722 275 3772 τὰ
285 3722 362 3786 ὅμοια,
377 3726 406 3774 δι’
419 3721 480 3772 αὐτὰ
493 3725 518 3773 δέ
530 3727 569 3773 καί
580 3723 610 3774 δι’
621 3726 692 3787 ἔτερα
703 3712 772 3787 ίαχύς
780 3726 922 3784 εὐαισθησία
931 3721 1048 3786 ἀρτιότης.
1083 3721 1113 3772 δι’
1124 3720 1183 3773 αὐτό

131 3808 183 3864 μέν,
197 3804 233 3855 ὅτι
244 3805 305 3855 κατὰ
315 3810 388 3867 φύσιν
399 3807 460 3854 ἐστί·
479 3803 509 3854 δι’
521 3808 591 3869 ἔτερα
602 3807 637 3864 δέ,
649 3804 685 3854 ὅτι
697 3807 815 3868 περιποιεῖ
823 3807 905 3867 χρείας
921 3807 962 3855 οὐκ
976 3801 1065 3867 όλιγός.
1100 3801 1184 3865 ὁμοίως

132 3891 158 3939 tt
170 3891 221 3951 ἔχει
232 3889 272 3938 καί
283 3890 311 3938 τό
323 3885 521 3952 δποπροηγμένον
533 3885 595 3937 κατὰ
604 3889 646 3937 τόν
657 3889 763 3937 ἐναντίον
773 3887 854 3950 λόγον.
