2670 4296
127 211 204 273 lxx
217 209 270 293 66]
310 274 316 286 ,
413 212 548 288 Exceptio
566 211 694 288 defalta
708 212 880 283 sartamine
1026 184 1028 186 .
1132 229 1169 292 25

118 403 340 456 *mmmm
375 378 510 440 iustitiae.
553 381 600 453 64.
636 380 695 440 Sed
715 379 788 439 illud
809 379 946 439 odiosum
966 390 1019 453 est,
1035 382 1118 457 quod
1137 381 1168 442 in

125 455 336 556 balb‘rfssuffi'
374 479 430 538 hae
443 477 571 537 elatione
584 487 615 538 et
628 476 829 554 magnitudine
840 476 930 536 animi
939 477 1076 538 facillime
1084 478 1169 555 perti-

125 555 338 647 ἴξᾞξῇᾮά
375 574 461 634 nacia
479 585 510 635 et
529 573 621 633 nimia
640 573 785 650 cupiditas
803 572 1166 650 principatus'innascitur.

125 654 338 755 fflpssssssffi
376 673 420 732 Ut
447 671 528 730 enirn
554 671 635 746 apud
662 671 817 729 Platonem
839 679 885 728 est
902 679 1035 729 ‘omnem
1055 688 1169 730 morem

125 755 329 807 cadumum
375 767 679 828 Lacedaemoniomm
693 766 907 825 inflammatum
923 785 987 825 esse
1007 767 1168 844 cupiditate
1196 796 1211 843 5

123 859 340 938 vincendi',sic,
357 874 391 924 ut
411 864 536 940 quisque
556 863 647 923 animi
667 863 869 940 magnitudine
890 883 1026 924 maxume
1046 866 1177 940 excellet,

124 955 166 1016 ita
181 977 319 1018 maxume
332 961 395 1018 vult
404 960 540 1037 princeps
551 959 685 1020 omnium
698 960 745 1018 vel
763 957 861 1035 potius
878 960 957 1018 solus
971 978 1042 1020 esse.
1086 961 1169 1020 Diffi-

124 1051 180 1112 cile
208 1064 308 1114 autem
334 1065 388 1128 est,
409 1075 478 1115 cum
504 1066 650 1132 praestare
670 1054 807 1115 omnibus
835 1054 1026 1131 concupieris,
1054 1075 1168 1118 servare

124 1149 310 1225 aequitatem,
333 1170 409 1227 quae
429 1163 474 1212 est
493 1151 620 1211 iustitiae
640 1169 778 1210 maxume
799 1149 921 1226 propria
975 1153 1021 1211 Ex
1048 1170 1107 1227 quo
1134 1153 1167 1211 fit

123 1255 157 1305 ut
178 1264 276 1322 neque
298 1246 510 1324 disceptatione
521 1247 606 1307 ,vinci
628 1267 659 1306 se
683 1266 739 1306 nec
759 1248 821 1305 ullo
844 1245 964 1322 publico
982 1265 1017 1305 ac
1035 1247 1166 1324 legitimo
1182 1277 1212 1311 ω

122 1339 185 1402 iure
204 1341 358 1419 patiantur,
378 1343 578 1420 exsistuntque
591 1343 623 1402 iri
640 1363 671 1402 re
689 1342 808 1419 publica
827 1344 1000 1418 plerumque
1019 1342 1166 1419 largitores

122 1447 153 1497 et
174 1437 296 1511 factiosi,
325 1449 358 1498 ut
385 1459 456 1516 opes
483 1459 574 1516 quam
594 1458 745 1497 maxumas
766 1448 984 1513 consequantur
1003 1448 1033 1497 et
1053 1438 1111 1499 sint
1137 1438 1167 1499 vi

122 1533 220 1609 potius
236 1533 399 1610 superiores
417 1555 507 1611 quam
526 1535 635 1594 iustitia
652 1554 743 1611 pares.
786 1535 846 1594 Sed
864 1552 924 1609 quo
939 1533 1093 1607 difficilius,
1108 1535 1166 1595 hoc

122 1629 303 1713 praeclarius.
347 1633 471 1690 Nullum
498 1643 543 1692 est
569 1632 649 1691 enim
675 1641 793 1706 tempus
820 1631 902 1706 quod
928 1628 1038 1689 iustitia
1063 1649 1166 1691 vacare

122 1725 236 1786 debeat
280 1729 326 1803 65.
361 1729 462 1787 Fortes
476 1727 563 1805 igitur
575 1739 605 1787 et
619 1725 799 1804 magnanimi
813 1737 881 1785 sunt
895 1725 1025 1786 habendi
1039 1745 1100 1786 non
1114 1727 1166 1804 qui
1180 1752 1208 1803 15

144 1860 203 1902 Tm,
225 1869 334 1919 mmm
371 1823 490 1897 faciunt,
505 1825 559 1884 sed
573 1823 624 1899 qui
644 1824 815 1900 propulsant
835 1821 980 1881 iniuriam.
1017 1825 1096 1882 Vera
1115 1842 1166 1881 au·

121 1910 333 2020 gbffldtffffiffi
370 1929 431 1980 tem
445 1931 475 1980 et
488 1920 604 1997 sapiens
618 1920 709 1979 animi
723 1919 896 1996 magnitudo
910 1920 1068 1980 honestum
1082 1920 1164 1993 illud,

120 2024 231 2053 nouenae
370 2018 453 2093 quod
465 2035 601 2076 maxume
615 2028 719 2075 natura
731 2015 869 2091 sequitur,
885 2014 916 2074 in
930 2014 1013 2075 factis
1026 2015 1163 2091 positum,

120 2130 182 2172 non
208 2111 239 2172 in
266 2112 358 2189 gloria
384 2113 494 2173 iudicat
521 2112 742 2191 principemque
769 2131 801 2171 se
832 2131 897 2172 esse
930 2113 1041 2170 mavult
1075 2129 1165 2188 quam

120 2207 219 2268 videri.
262 2208 382 2269 Etenim
405 2209 457 2287 qui
480 2229 518 2270 ex
541 2228 636 2269 errore
657 2207 808 2285 imperitae
826 2206 1021 2266 multitudinis
1043 2208 1162 2284 pendet,
1177 2233 1209 2269 ao

120 2303 169 2363 hic
195 2303 226 2363 in
253 2304 366 2382 magnis
386 2305 453 2364 viris
471 2324 533 2365 non
554 2316 599 2365 est
622 2305 783 2365 habendus.
828 2303 977 2363 Facillime
998 2315 1097 2363 autem
1124 2304 1164 2364 ad

120 2418 166 2460 res
186 2399 484 2477 iniustas-inpellitur,
506 2413 539 2462 ut
563 2401 687 2478 quisque
706 2399 847 2459 altissimo
865 2398 965 2458 animo
982 2411 1035 2472 est,
1054 2400 1163 2476 gloriae

119 2495 297 2573 cupiditate:
318 2497 370 2572 qui
383 2498 465 2557 locus
479 2507 524 2558 est
537 2516 607 2557 sane
624 2495 760 2567 lubricus,
776 2495 857 2570 quod
874 2494 923 2554 vix
942 2493 1096 2567 invenitur,
1112 2493 1163 2570 qui

120 2591 268 2652 laboribus
296 2593 438 2669 susceptis
465 2592 661 2669 periculisque
688 2591 775 2650 aditis
803 2610 864 2650 non
891 2589 975 2666 quasi
995 2592 1162 2650 mercedem

119 2707 216 2749 rerum
229 2699 375 2766 gestarum
389 2689 536 2749 desideret
548 2689 677 2766 gloriam.

52 2812 105 2864 xx
143 2822 191 2864 n,
212 2830 258 2865 true
283 2823 332 2864 ch„
429 2788 475 2844 66.
500 2785 631 2845 Omnino
642 2783 723 2844 fortis
737 2783 852 2843 animus
867 2794 896 2843 et
910 2802 1033 2860 magnus
1048 2783 1162 2842 duabus

117 2874 331 2916 ''mmm‘'
368 2882 455 2941 rebus
475 2882 601 2942 maxime
621 2880 755 2954 cernitur,
779 2900 902 2957 quarum
922 2899 982 2939 una
1008 2879 1039 2938 in
1064 2899 1162 2939 rerum

117 2923 185 2965 titude
195 2938 230 2965 are
238 2937 270 2965 :-

117 2989 330 3090 affabilis&
367 2989 551 3038 externarum
565 2978 756 3055 despicientia
769 2977 895 3054 ponitur,
907 2996 976 3035 cum
990 2995 1161 3052 persuasum

116 3090 159 3131 anu
173 3090 331 3163 peruentu-
366 3086 411 3135 est
438 3077 510 3136 nihil
532 3077 685 3136 hominem
709 3075 765 3135 nisi
787 3076 869 3152 quod
896 3075 1054 3133 honestum
1075 3075 1162 3133 deco

67 3190 71 3194 ’
115 3153 327 3242 iiiii-mum
343 3233 344 3237 ,
365 3189 489 3247 rumque
508 3171 545 3231 sit
563 3183 614 3231 aut
632 3169 768 3231 admirari
781 3181 832 3229 aut
846 3180 946 3246 optare
960 3178 1011 3227 aut
1024 3180 1159 3244 expetere
1173 3189 1205 3238 30

116 3257 262 3347 fflffls‘
269 3269 329 3357 332}
367 3279 509 3343 oportere,
521 3268 653 3344 nullique
667 3286 764 3343 neque
778 3265 892 3326 homini
905 3284 1002 3342 neque
1011 3267 1160 3342 perturba·

115 3354 329 3457 eiffffigfflffl
366 3362 440 3422 tioni
460 3363 551 3423 animi
571 3384 627 3424 nec
648 3367 781 3424 fortunae
808 3364 1008 3423 succumbere
1057 3364 1159 3422 Altera

114 3454 230 3547 fflffi
239 3506 310 3552 „0-
365 3470 410 3520 est
429 3480 483 3534 res,
500 3472 542 3535 ut,
559 3481 628 3522 cum
647 3461 687 3521 ita
705 3461 743 3521 sis
760 3463 882 3521 affectus
900 3461 1008 3529 animo,
1021 3470 1053 3520 ut
1071 3479 1159 3536 supra

170 3565 208 3598 ca
218 3566 274 3598 xxvr
364 3558 433 3633 dixi,
448 3578 493 3618 res
510 3577 593 3635 geras
610 3577 731 3635 magnas
747 3558 812 3618 illas
832 3557 954 3634 quidem
972 3567 1002 3618 et
1019 3574 1157 3617 maxume

109 3812 112 3818 ·
164 3799 181 3848 6
191 3797 294 3848 excellet
303 3812 361 3846 cum
371 3796 466 3861 anta‘qq.
474 3797 539 3849 codd.
549 3797 692 3860 Heusinger
701 3797 732 3847 St
741 3797 829 3860 Heine,
842 3801 939 3852 excellit
951 3803 1023 3868 vulga
1036 3809 1046 3863 ΙΙ
1061 3808 1092 3856 28
1101 3823 1156 3872 per.

116 3894 215 3932 sumum
226 3884 264 3928 est
273 3877 381 3942 Madvig
387 3877 490 3942 dcfinn.
497 3886 524 3942 p.
537 3879 591 3942 448,
602 3879 735 3929 BaHet'ne
745 3879 803 3938 Lm
819 3896 963 3945 persuasum
973 3885 1006 3936 sit
1020 3888 1057 3937 Or
