2670 4296
163 212 198 268 18
493 211 544 269 De
560 211 675 269 secundo
694 209 777 286 officii
785 212 867 288 fiante
1052 209 1080 295 [1
1095 232 1203 290 x1v4r

158 372 307 475 ffiffifd
318 373 370 415 With
407 400 495 457 quam
518 400 629 454 eorum,
654 381 705 458 qui
726 393 798 461 tum,
811 403 879 445 cum
898 380 1203 462 maxime‘fallunt,.id

156 485 246 552 agunt
260 486 291 534 ut
305 473 358 535 viri
371 473 442 535 boni
456 494 519 535 esse
533 474 693 536 videantur.
737 479 785 537 De
799 477 908 538 iustitia
922 479 990 540 satis
1005 480 1127 543 dictum

77 618 143 668 XIV
168 641 366 704 mmm
464 622 511 676 42.
549 603 750 681 Deinceps,ut
763 616 824 665 erat
838 606 1030 684 propositum,
1047 609 1085 669 de
1099 609 1204 671 bene·

154 693 371 798 ἑξζξξξξῖξὸξξοξῡῑ
404 699 546 760 ficentia
566 719 600 758 ac
621 701 660 760 de
681 699 895 761 liberalitate
917 702 1038 776 dicatur,
1060 723 1121 781 qua
1140 704 1202 782 qui-

167 846 204 878 cn.
221 843 350 875 ,w,.„„,
406 796 475 856 dem
496 795 569 854 nihil
589 806 634 855 est
654 806 775 855 naturae
791 795 919 856 hominis
939 800 1200 873 accommodatius,
1230 820 1243 867 5

179 882 366 998 Tffitssiom
406 893 459 1000 sed
486 892 575 951 habet
602 893 709 951 multas
736 891 896 952 cautiones.
953 893 1127 956 Videndum
1156 907 1201 957 est

154 1017 176 1050 to
191 1008 217 1048 be
232 1008 333 1049 observes
347 1008 369 1048 in
406 1007 486 1048 enim
512 987 648 1064 primum,
670 1005 709 1047 ne
736 987 813 1047 obsit
840 987 1004 1066 benignitas
1025 1001 1054 1051 et
1074 991 1110 1052 iis
1130 991 1200 1070 ipsis

155 1058 367 1149 ‘ditm‘iisstddii
405 1084 512 1162 quibus
532 1083 658 1160 benigne
672 1082 818 1143 videbitur
831 1083 902 1158 fieri,
916 1096 946 1145 et
963 1086 1075 1159 ceteris,
1091 1088 1200 1149 deinde

153 1158 369 1259 ffiffimpssvissffi
407 1201 444 1241 ne
475 1180 568 1240 maior
595 1179 758 1257 benignitas
786 1179 823 1240 sit
844 1201 933 1257 quarn
954 1184 1114 1258 facultates,
1136 1196 1199 1245 tum

140 1258 345 1331 .³'⁸⁰‘⁰“⁰⁰⁸h“⁸·
403 1287 435 1336 ut
450 1295 503 1352 pro
517 1273 659 1352 dignitate
673 1274 781 1351 cuique
802 1275 951 1338 tribuatur.
996 1281 1034 1339 Id
1054 1280 1134 1340 enim
1154 1292 1199 1342 est
1213 1304 1243 1339 ιο

154 1373 281 1434 iustitiae
301 1374 536 1444 fundamentum,
557 1372 597 1430 ad
617 1389 708 1447 quam
728 1373 803 1432 haec
822 1375 975 1434 referenda
995 1387 1062 1435 sunt
1089 1376 1196 1439 omnia

155 1473 234 1531 Nam
253 1483 282 1531 et
303 1470 353 1547 qui
371 1469 568 1548 gratificantur
588 1467 723 1543 cuipiam,
740 1469 822 1545 quod
840 1470 917 1529 obsit
931 1470 981 1544 illi,
997 1472 1045 1530 cui
1058 1475 1199 1549 prodesse

154 1568 228 1628 velle
242 1567 403 1638 videantur,
418 1584 479 1624 non
500 1562 625 1623 benefici
645 1582 742 1639 neque
762 1564 895 1625 liberales
913 1568 966 1626 sed
980 1568 1136 1644 perniciosi
1148 1570 1199 1629 ad·

154 1674 315 1723 sentatores
333 1659 483 1722 iudicandi
501 1670 568 1718 sunt
578 1679 588 1732 3
609 1669 639 1718 et
657 1658 708 1735 qui
726 1658 789 1719 aliis
808 1673 924 1734 nocent,
941 1673 973 1722 ut
989 1662 1020 1722 in
1036 1663 1109 1724 alios
1127 1664 1197 1725 libe·

153 1761 227 1818 rales
244 1758 310 1832 sint,
333 1758 363 1818 in
381 1758 487 1819 eadem
506 1767 574 1815 sunt
592 1754 741 1828 iniustitia,
756 1766 788 1815 ut
812 1756 837 1815 si
858 1756 889 1815 in
910 1778 993 1817 suam
1016 1778 1078 1819 rem
1102 1759 1198 1821 aliena
1211 1785 1239 1833 15

154 1864 332 1915 convertant
375 1872 422 1929 43.
445 1855 519 1912 Sunt
530 1862 629 1910 autern
643 1850 727 1910 multi
740 1851 906 1928 etquidem
920 1853 1020 1930 cupidi
1033 1854 1196 1931 splendoris

153 1960 184 2010 et
204 1949 321 2028 gloriae,
343 1949 393 2026 qui
415 1947 540 2026 eripiunt
561 1947 624 2007 aliis
642 1949 724 2024 quod
742 1947 805 2008 aliis
824 1948 989 2026 largiantur,
1022 1951 1101 2028 iique
1122 1951 1196 2012 arbi-

152 2056 263 2106 trantur
277 2066 308 2106 se
321 2047 470 2106 beneficos
484 2044 514 2103 in
528 2063 597 2103 suos
611 2043 721 2104 amicos
734 2043 830 2104 visum
844 2044 886 2118 iri,
902 2045 926 2105 si
944 2048 1124 2122 locupletent
1143 2068 1196 2110 eos

153 2161 338 2218 quacumque
352 2141 471 2202 ratione.
515 2141 554 2199 Id
567 2151 665 2199 autem
679 2150 792 2199 tantum
807 2141 889 2201 abest
903 2142 940 2201 ab
955 2142 1060 2216 officio,
1076 2155 1108 2203 ut
1122 2143 1195 2205 nihil

153 2237 244 2314 magis
264 2237 362 2298 officio
383 2235 475 2314 possit
495 2255 559 2296 esse
580 2235 765 2296 contrarium.
808 2237 982 2297 Videndum
995 2250 1039 2298 est
1053 2239 1146 2316 igitur,
1162 2253 1194 2301 ut
1208 2269 1239 2303 20

152 2351 188 2392 ea
213 2333 384 2393 liberalitate
411 2342 534 2404 utamur,
563 2349 639 2406 quae
665 2331 756 2408 prosit
788 2332 899 2406 amicis,
933 2344 1039 2394 noceat
1072 2336 1191 2397 nemini.

152 2430 249 2503 Quare
280 2432 313 2489 L.
336 2430 440 2501 Sullae,
471 2430 504 2489 C.
519 2427 660 2488 'Caesaris
687 2428 876 2504 pecuniarum
904 2429 1053 2490 translatio
1073 2451 1091 2490 a
1111 2431 1194 2493 iustis

151 2524 279 2585 dominis
299 2526 338 2585 ad
358 2523 470 2584 alienos
489 2542 550 2583 non
568 2523 657 2583 debet
675 2523 801 2584 liberalis
815 2524 915 2584 videri.
958 2525 1041 2584 Nihil
1054 2537 1099 2586 est
1112 2527 1193 2589 enim

398 2619 525 2692 liberale,
541 2620 623 2695 quod
636 2638 698 2690 non
711 2619 792 2681 idern
806 2620 922 2680 iustum.
965 2641 1012 2695 44.
1055 2625 1138 2683 Alter
1151 2626 1193 2684 lo

174 2710 199 2752 θ’
227 2711 283 2751 That
300 2712 316 2752 it
333 2712 360 2752 θ’
397 2732 450 2772 cus
477 2724 538 2772 erat
561 2712 714 2787 cautionis,
740 2733 778 2773 ne
802 2714 966 2792 benignitas
994 2717 1087 2777 maior
1114 2732 1190 2779 esset
1204 2748 1235 2799 25

147 2761 359 2854 ἓῖἕῖυἷῗιῗᾝε
397 2830 487 2887 quam
509 2812 668 2886 facultates,
692 2813 774 2887 quod
796 2811 848 2888 qui
874 2812 1060 2890 benigniores
1086 2817 1190 2876 volunt

148 2862 293 2905 mamm
395 2928 459 2969 esse
481 2927 570 2984 quam
590 2928 636 2967 res
656 2908 772 2985 patitur,
793 2909 920 2986 primum
943 2911 975 2970 in
1002 2931 1039 2971 eo
1065 2923 1190 2989 peccant

146 3006 228 3080 quod
242 3003 373 3065 iniuriosi
387 3015 456 3064 sunt
470 3004 500 3062 in
514 3003 680 3080 proximos;
698 3024 773 3081 quas
794 3005 874 3065 enim
894 3005 994 3082 copias
1015 3006 1060 3066 his
1079 3019 1108 3067 et
1122 3027 1190 3086 sup·

145 3100 269 3175 peditari
295 3100 417 3177 aequius
444 3111 488 3160 est
514 3111 545 3159 et
568 3099 701 3176 relinqui,
729 3120 780 3160 eas
806 3103 981 3162 transferunt
1005 3103 1044 3162 ad
1067 3103 1186 3164 alienos

145 3198 228 3277 Inest
240 3208 341 3256 autem
355 3196 385 3255 in
399 3196 449 3255 tali
463 3195 635 3255 liberalitate
649 3196 793 3272 cupiditas
813 3198 985 3274 plerumque
1005 3198 1138 3275 rapiendi
1158 3211 1188 3261 et
1201 3230 1234 3279 30

145 3291 296 3358 auferendi
322 3311 374 3368 per
401 3291 544 3365 iniuriam,
572 3302 606 3350 ut
632 3293 671 3351 ad
693 3292 876 3369 largiendum
897 3305 1052 3370 suppetant
1074 3295 1185 3372 copiae.

145 3386 254 3446 Videre
272 3387 362 3447 etiam
382 3387 451 3446 licet
470 3389 626 3464 plerosque
646 3407 707 3447 non
728 3400 788 3447 tam
809 3400 912 3448 natura
937 3390 1070 3450 liberales
1097 3410 1188 3467 quarn

145 3483 274 3558 quadam
294 3482 385 3560 gloria
405 3484 520 3555 ductos
534 3495 567 3542 ut
581 3483 706 3543 benefici
719 3484 881 3557 videantur,
897 3487 991 3545 facere
1005 3488 1097 3545 multa
1110 3507 1187 3563 quae

144 3578 289 3654 proficisci
314 3579 352 3638 ab
375 3579 572 3639 ostentatione
593 3578 685 3656 magis
706 3599 796 3656 quam
816 3600 834 3639 a
853 3582 1004 3642 voluntate
1023 3581 1184 3644 videantur.

194 3716 318 3766 adictnm
335 3725 372 3767 est
387 3718 475 3781 ougo:
490 3725 528 3768 est
544 3735 591 3767 om.
606 3719 647 3768 Ba
663 3719 701 3767 Be
716 3720 796 3768 Heine
811 3720 852 3768 Lu
888 3723 897 3777 11
936 3731 963 3782 17
981 3720 1114 3785 hiqueZu,
1131 3722 1186 3782 Or,-

144 3788 211 3860 iique
224 3796 266 3844 Ba
281 3797 361 3846 Helm
370 3797 411 3845 Lu
446 3799 455 3854 ΙΙ
495 3811 523 3863 ¹9
539 3799 609 3848 abest
624 3799 657 3848 ab
668 3797 748 3848 officio
764 3800 805 3848 Ba
817 3799 895 3848 Helm
905 3799 953 3858 Lu,
968 3799 1037 3849 abest
1053 3798 1134 3850 officio
1145 3801 1185 3850 Zu

141 3874 258 3925 miienot.
294 3881 304 3936 ΙΙ
341 3878 370 3928 28
382 3876 412 3925 iis
424 3877 463 3925 Zu
