2670 4296
341 199 492 258 NOTES
531 198 650 256 Booul
672 197 936 273 ccrvv551415
1123 211 1176 274 157

136 367 158 417 is
175 368 248 432 given
269 369 399 432 (probably
421 369 496 417 taken
517 368 581 417 from
599 369 761 431 Chrysippus)
782 369 814 416 de
835 367 876 416 fin.
892 381 913 416 11
934 371 947 428 5
968 383 998 430 45
1023 369 1179 419 honestum

136 433 165 482 id
178 434 345 496 intellegimus,
360 434 425 496 quod
438 435 486 481 tale
500 440 534 482 est
549 440 583 492 ut,
597 434 701 480 detracta
717 433 787 480 omni
799 434 909 493 utilitate,
924 435 976 481 sine
991 435 1051 481 ullis
1061 435 1180 497 praetoriis

128 496 282 560 fructibusve
296 506 343 560 per
362 514 387 545 se
401 498 481 560 ipsum
493 498 570 560 possit
588 498 642 545 iure
660 497 768 546 laudari.
814 498 885 557 Quod
900 498 971 560 quale
991 499 1030 557 sit,
1055 514 1105 546 non
1127 505 1179 547 tam

135 561 276 625 defiuitione,
298 578 347 624 qua
367 578 423 609 sum
445 578 511 618 usus,
529 562 636 623 intellegi
645 568 723 624 potest
743 563 901 625 (quamquam
923 563 1079 625 alr'qrcantum
1092 565 1179 625 potest)

135 642 210 689 quam
224 628 348 674 communi
362 627 474 674 omnium
490 626 577 674 iudicio
591 633 614 673 et
628 626 714 689 optimi
727 627 840 689 cuiusque
854 626 944 674 studiis
959 633 1031 689 atque
1037 627 1123 690 socte's,
1136 628 1182 690 qui

131 692 256 753 permulta
277 692 304 738 ob
329 707 382 738 cam
408 707 485 738 unam
509 705 608 738 causam
622 691 733 753 faciunt,
753 692 811 753 quia
832 691 897 749 decet,
918 692 977 754 quia
999 699 1097 752 rectum,
1120 693 1180 756 quia

135 755 260 804 honestum
270 762 310 814 est,
323 756 365 803 etsi
375 756 474 803 nullum
484 763 667 803 consecuturum
677 755 864 803 emolumentum
874 756 963 804 uident.

184 839 252 884 tat.
287 835 466 896 nobilitatum]
494 835 535 884 ie.
549 835 735 883 multitudini
752 835 911 898 probatum,
927 835 1020 884 ‘would
1032 837 1063 884 be
1073 836 1180 885 honour·

135 899 200 959 able,
213 916 275 949 even
292 901 386 983 though
404 908 447 948 not
465 900 590 963 generally
606 898 732 948 admired.’
766 899 887 948 Nobilis
904 897 1078 964 (noscibilis)
1099 901 1179 950 ‘what

136 980 193 1027 may
203 965 235 1013 be
249 966 355 1013 known:
380 965 457 1013 hence
469 964 632 1013 nobilitare
643 964 663 1012 is
678 966 718 1012 ‘to
729 963 802 1012 make
813 964 922 1020 known,’
941 969 978 1013 ‘to
989 966 1057 1013 noise
1068 964 1179 1024 abroad‚’

136 1044 176 1092 cp.
196 1041 217 1076 11
239 1032 252 1088 5
275 1029 306 1079 26
322 1030 440 1077 Phalan's
459 1030 530 1076 cuius
546 1027 658 1076 est’iuter
674 1035 758 1076 ceteros
775 1029 935 1077 nobilitata
956 1032 1091 1077 crreatlitas.
1125 1031 1180 1079 The

137 1094 233 1142 remark
252 1093 273 1141 is
287 1094 368 1142 aimed
384 1102 408 1142 at
421 1091 548 1156 Epicurus*
565 1093 683 1141 assertion
697 1093 750 1141 that
767 1093 789 1141 if
802 1092 912 1156 pleasure
929 1093 970 1141 did
989 1103 1031 1142 not
1049 1094 1180 1143 constitute

137 1157 179 1206 the
189 1159 322 1216 honestum,
333 1158 364 1206 he
379 1159 422 1206 did
437 1166 481 1206 not
496 1159 571 1206 know
582 1158 648 1206 what
660 1157 710 1205 else
721 1157 772 1216 did,
785 1158 867 1206 unless
878 1158 897 1206 it
908 1158 987 1221 might
999 1160 1030 1207 be
1041 1159 1181 1222 something

137 1223 203 1286 quod
218 1229 275 1270 esset
279 1223 397 1286 populari
400 1223 476 1286 sama
487 1222 627 1286 gloriosum,
642 1222 673 1270 de
685 1221 726 1270 fin.
742 1234 764 1270 11
775 1223 789 1282 5
800 1224 838 1284 48.
884 1222 971 1285 Comp.
984 1223 1017 1270 ib.
1029 1226 1042 1282 5
1059 1238 1090 1285 49
1100 1223 1180 1286 philo·

135 1287 223 1349 sophus
245 1287 484 1336 noletis...honestum
503 1287 565 1350 quid
582 1287 621 1345 sit,
644 1286 668 1334 si
685 1287 714 1334 id
738 1302 788 1334 non
811 1288 844 1334 sit
865 1287 892 1334 in
918 1288 1042 1351 voluptate,
1068 1294 1139 1351 negat
1158 1304 1182 1337 se

137 1351 277 1414 intellegere,
297 1352 347 1399 nisi
353 1352 422 1414 fiorte
443 1352 509 1399 illud
527 1352 592 1414 quod
606 1351 774 1398 multitudines
791 1367 888 1400 rumore
906 1351 1035 1400 laudetur:
1056 1352 1082 1400 iu
1099 1351 1181 1402 which

137 1431 239 1479 passage
261 1416 349 1465 Cicero
371 1432 477 1464 answers
495 1416 548 1478 Ego
566 1422 647 1463 autem
666 1416 709 1463 hoc
730 1416 802 1463 etiam
824 1423 894 1478 turpe
910 1432 956 1464 esse
973 1424 1040 1479 saepe
1056 1417 1134 1464 iudico
1151 1423 1179 1474 et,

136 1481 160 1528 si
174 1481 271 1543 quando
284 1487 355 1543 turpe
371 1497 420 1528 non
434 1480 472 1538 sit,
486 1486 538 1527 tum
553 1496 598 1528 esse
612 1496 662 1528 non
677 1487 754 1542 turpe,
767 1496 822 1527 cum
833 1481 862 1528 id
869 1496 885 1528 a
896 1480 1053 1529 multitudine
1061 1481 1179 1539 laudetur,

136 1545 202 1608 quod
214 1546 247 1591 sit
260 1547 339 1608 ipsum
350 1553 398 1608 per
412 1561 436 1592 se
452 1552 540 1592 rectum
557 1552 629 1607 atque
644 1544 781 1603 loudahilc,·
798 1560 848 1592 non
865 1545 893 1592 ob
911 1561 964 1593 eam
981 1561 1079 1593 causam
1099 1552 1181 1593 tamen

137 1609 202 1656 utut
220 1609 269 1656 dc'ci
286 1624 331 1656 esse
345 1610 481 1666 honestum,
498 1609 556 1671 quia
572 1609 689 1656 laudetur
703 1625 719 1656 a
735 1610 826 1668 multis,
845 1610 886 1657 secl
900 1611 959 1672 quia
975 1611 1023 1657 tale
1035 1611 1073 1668 sit,
1090 1616 1125 1669 ut,
1144 1610 1191 1670 vel·

137 1673 161 1721 si
174 1675 316 1736 ignorarent
332 1674 361 1722 iel
372 1674 481 1721 homines
496 1674 535 1721 vel
547 1674 571 1721 si
585 1669 764 1730 ohneutuissent,
777 1690 823 1721 sua
837 1681 918 1722 tamen
928 1674 1114 1737 pulchritudine
1127 1681 1183 1722 esset

137 1739 252 1800 specieque
269 1738 398 1786 laudabile.
432 1738 544 1797 Thotis,
563 1739 687 1786 honestum
706 1738 726 1786 is
743 1753 771 1786 so
788 1741 858 1798 φύσει
877 1747 920 1787 not
938 1740 1009 1787 θέσει.
1043 1739 1091 1802 Cp·
1110 1740 1181 1788 Plato

137 1803 170 1850 de
188 1803 250 1866 Rep.
274 1815 296 1850 11
318 1819 342 1866 p.
369 1800 415 1864 366
438 1804 528 1850 τοιόνδε
549 1820 572 1850 τι
595 1804 695 1861 ἀγαθόν,
714 1800 728 1850 ὅ
751 1800 867 1861 δεξαίμεθ’
881 1804 911 1850 dr
931 1805 996 1864 ἔχειν
1012 1805 1040 1851 ori
1057 1806 1104 1851 τῶν
1123 1805 1182 1851 ἀπο-

137 1869 266 1928 βαινόντων
280 1869 398 1926 ἐφιέμενοι
415 1864 470 1914 ἀλλ’
487 1869 544 1916 αὐτὸ
562 1866 633 1914 αὑτοῦ
650 1869 716 1915 ἕνεκα
732 1865 904 1930 ιίσποιζθμενοιε
927 1868 961 1916 ib.
982 1884 1007 1932 p.
1026 1870 1071 1929 358
1088 1881 1107 1917 Α
1123 1883 1181 1916 con·

138 1932 239 1995 cerning
260 1932 302 1979 the
320 1932 423 1995 popular
441 1932 527 1979 notion
549 1933 576 1980 of
593 1932 695 1994 justice:
718 1933 783 1979 δοκεῖ
802 1935 850 1981 τοῖς
871 1934 1046 1982 πολλοῖς...τοῦ
1068 1934 1182 1980 ἐπιπόνου

139 1998 219 2051 εἴδους,
237 1994 252 2044 θ
267 1999 357 2052 μισθῶν
379 1997 400 2043 θ’
417 1997 485 2043 ἕνεκα
502 1999 541 2043 eal
558 1999 728 2054 εὐδοκιμήσεων
746 1998 784 2043 διὰ
801 1998 870 2055 δόξαν
889 1998 1059 2058 ἐπιτηδευτέον,
1081 1999 1139 2046 αὐτὸ
1157 1998 1183 2046 δέ

138 2057 165 2108 δι’
176 2063 234 2109 αὐτὸ
246 2063 359 2121 φευκτέον
369 2061 399 2110 ὡς
409 2058 435 2108 θν
447 2059 569 2121 χαλεπόν;
587 2062 622 2109 ib.
634 2077 659 2124 p.
672 2060 716 2120 361
730 2072 753 2116 c,
768 2058 814 2122 363
826 2073 852 2108 Α.

184 2144 202 2190 t
217 2146 256 2189 22.
288 2153 306 2190 ο.
316 2141 399 2203 nullo]
411 2141 425 2190 i.
434 2156 458 2204 q.
470 2142 565 2189 nemine
576 2141 658 2189 which
673 2141 693 2189 is
704 2156 762 2206 very
773 2142 852 2205 rarely
863 2141 930 2201 used,
945 2141 1034 2206 Zumpt
1045 2141 1089 2190 Gr.
1100 2143 1114 2201 5
1124 2139 1181 2203 676.

553 2285 726 2333 CHAPTER
742 2285 766 2332 V

185 2384 199 2443 5
218 2390 262 2443 1⁵,
281 2387 299 2431 1.
312 2389 350 2431 24.
383 2381 513 2443 Formam]
547 2383 592 2446 Cp.
606 2382 694 2430 defin.
708 2384 797 2444 11548
812 2383 883 2430 habes
901 2383 1008 2446 undique
1024 2385 1142 2446 expletam
1161 2392 1185 2433 ct

133 2449 263 2513 perfectam
270 2449 402 2512 sormam
419 2447 556 2506 honestatis,
569 2463 631 2511 quac
641 2454 691 2496 tota
705 2454 821 2510 quattuor
835 2447 874 2495 his
890 2449 1023 2495 virtutibus
1037 2449 1180 2508 continetur,

138 2515 170 2572 (le
181 2514 222 2561 off.
236 2526 244 2561 1
261 2517 274 2572 5
293 2528 335 2576 ¹03
354 2518 385 2559 ut
399 2512 434 2559 od
445 2512 650 2576 ffciiformam
665 2518 825 2560 revertamur.
859 2513 950 2561 Forma
966 2513 1099 2573 embodies,
1104 2514 1182 2576 facus

138 2578 279 2642 personifies
291 2577 368 2626 moral
379 2578 510 2640 goodness.

185 2663 204 2707 1.
227 2665 263 2708 tu.
299 2658 383 2718 Plato]
415 2657 544 2705 Phaedrus
564 2656 604 2706 ch.
627 2655 666 2719 65,
689 2672 713 2721 p.
740 2670 787 2718 ²50
806 2668 834 2717 n,
859 2656 913 2718 ttae
934 2656 990 2713 ἡμῖν
1013 2655 1116 2717 ὀξυτάτη
1136 2655 1184 2706 τῶν

139 2725 177 2773 διὰ
193 2722 235 2772 τοῦ
256 2726 365 2781 σώματος
386 2723 484 2784 ἔρχεται
507 2723 647 2780 αἰσθήσεων,
668 2720 683 2783 ᾖ
706 2724 817 2782 φρόνησις
840 2723 884 2782 οὐχ
906 2719 998 2782 ὁρᾷται·
1019 2722 1107 2771 δεινοὺς
1134 2725 1183 2784 γὰρ

138 2789 167 2837 ἂν
184 2791 297 2849 παρεῖχεν
313 2790 409 2848 ἔρωτας,
424 2789 447 2834 el
457 2803 481 2834 τι
495 2788 602 2834 τοιοῦτον
615 2787 699 2844 ἐουτῆς
713 2788 813 2846 ἐναργές
827 2787 923 2833 εἴδωλον
935 2787 1064 2847 παρείχετο
1080 2789 1113 2836 εἰς
1128 2788 1184 2848 ὄψιν

138 2855 179 2911 ἱόν,
198 2854 254 2901 thus
271 2851 405 2900 translated
423 2853 457 2914 by
475 2851 562 2900 Cicero
581 2849 670 2899 defin.
688 2863 709 2898 11
728 2862 758 2911 52
777 2851 902 2899 aculonem
920 2857 954 2898 est
972 2851 1000 2898 in
1019 2850 1086 2898 nobis
1100 2867 1183 2899 sennes

137 2919 278 2971 acerrimus,
295 2917 382 2978 quibus
402 2917 546 2979 sapientiam
565 2931 615 2962 uon
632 2916 761 2962 cernimus.
797 2915 878 2975 Quam
900 2915 946 2962 illo
965 2915 1075 2962 ardentes
1090 2930 1183 2964 arnorcs

138 2982 251 3030 excitaret
260 2980 312 3027 sui!
329 2980 411 3028 where
422 2980 526 3043 Madvig
540 2979 655 3027 observes
669 2994 702 3027 on
717 2978 759 3027 the
772 2986 871 3042 present
879 2994 982 3043 passage
995 2979 1084 3042 ‘paulo
1100 2981 1182 3043 negle-

137 3045 235 3108 gentius
257 3046 288 3092 ab
310 3044 431 3093 honesti
451 3045 526 3092 verbo
549 3051 574 3092 et
594 3043 693 3091 notione
714 3043 815 3101 orditur,
840 3059 915 3107 quam
934 3044 987 3106 ipse
1006 3044 1133 3102 tractabat,
1157 3044 1182 3093 in

138 3109 303 3172 sapientiae
314 3125 388 3172 quam
401 3109 472 3157 Plato
483 3108 627 3162 nominarat.
639 3106 745 3155 desinit?
780 3107 806 3154 H
808 3107 863 3156 eine
873 3107 935 3156 after
946 3107 1057 3156 Gerhard
1070 3107 1184 3156 brackets

137 3174 269 3236 sapientiae
285 3189 312 3220 as
333 3172 455 3220 doubtful.
490 3173 545 3231 But,
564 3188 592 3221 as
608 3173 697 3235 Zumpt
714 3171 832 3231 remarks,
851 3172 885 3236 by
901 3172 1019 3236 sapientia
1038 3187 1076 3221 we
1097 3187 1139 3222 are
1156 3180 1183 3222 to

138 3238 287 3287 understand
299 3238 446 3300 knowledge
457 3236 486 3284 of
493 3237 535 3285 the
549 3235 706 3285 ‘honestum’

186 3321 203 3366 t
218 3322 256 3365 29.
277 3329 367 3365 rerum
378 3320 572 3364 conmutatum
582 3316 643 3378 fide]
663 3314 769 3365 ‘faithful
781 3317 931 3366 observance
942 3316 971 3366 of
979 3315 1119 3378 contracts,’
1129 3319 1143 3378 5
1153 3333 1183 3382 ²3

138 3381 256 3430 de'ctorum
266 3388 484 3442 conventorumque
493 3382 627 3429 constantia
636 3395 646 3429 ,·
661 3382 675 3440 5
686 3395 717 3441 53
729 3381 813 3428 multis
823 3397 878 3428 acm
890 3381 975 3430 multis
988 3398 1026 3430 res
1037 3384 1186 3446 rationesque

138 3453 319 3503 contractoe;
336 3458 357 3493 11
375 3448 388 3504 5
403 3461 435 3506 40
451 3445 497 3508 qui
511 3445 682 3494 contrahendas
696 3445 793 3508 negotiis
810 3445 977 3508 impluentur,
994 3448 1009 3505 5
1024 3444 1057 3506 64
1072 3447 1101 3494 in
1117 3448 1186 3496 ononi

139 3527 165 3559 re
179 3509 386 3568 contrahenda,
404 3509 527 3557 vendendo
542 3510 645 3568 emmdo,
665 3509 813 3558 conducendo
828 3510 933 3570 locando,
954 3510 1034 3559 11161
1053 3511 1184 3559 tollendum

138 3591 168 3624 cx
178 3575 245 3622 rebus
256 3574 461 3622 contrahendis
475 3589 546 3622 omne
554 3573 716 3622 mendacium.

186 3658 205 3766 ld.
226 3657 386 3766 autoritas
407 3659 435 3703 et
455 3652 543 3715 modo]
569 3652 614 3702 i.e.
634 3652 750 3704 ordinis
771 3652 999 3702 conservatione
1023 3652 1136 3717 (εὐταξία)
1157 3661 1184 3702 et

138 3735 184 3769 mo
210 3735 261 3767 era·
277 3734 351 3766 rone.

186 3801 257 3846 132.
289 3797 611 3860 mquomestmoaerue]
636 3797 729 3846 ‘which
741 3797 884 3846 constitutes
895 3796 1066 3847 moderatiori.¹

188 3890 256 3936 ‹yuae
273 3878 410 3940 quattuor]
426 3879 663 3929 sc.honestorum
683 3891 801 3942 genera.
835 3877 883 3928 See
894 3877 990 3927 Introd-
1004 3879 1018 3938 5
1032 3879 1068 3928 18.
1097 3879 1142 3946 Cp.
1154 3878 1185 3929 de
