2670 4296
197 206 234 263 62
346 203 525 264 Prooemium
545 204 579 263 de
595 222 647 263 suo
660 203 887 280 philosophando*
901 204 993 264 studio
1116 199 1163 284 [II
1179 221 1202 263 11
1220 223 1237 280 3

196 377 405 454 voluptatibus.
448 397 476 454 3.
511 379 611 453 Atque
625 375 738 436 utinam
758 397 804 437 res
824 376 944 454 publica
957 377 1084 438 stetisset
1098 396 1158 454 quo
1173 396 1241 438 coe·

196 484 279 551 perat
302 468 379 534 statu
409 493 466 534 nec
483 473 514 532 in
532 472 668 533 homines
688 492 750 532 non
770 484 830 533 tam
851 474 1126 533 commutandarum
1150 492 1240 550 quam

196 571 422 630 evertendarum
432 588 528 629 rerum
540 569 665 646 cupidos
674 568 840 629 incidissetl
862 569 994 629 Primum
1003 569 1091 642 enim,
1100 581 1133 630 ut
1144 580 1240 630 stante

196 685 228 726 re
241 666 361 743 publica
374 667 470 726 facere
484 667 661 738 solebamus,
676 664 707 724 in
721 667 838 743 agendo
851 666 918 743 plus
932 685 1022 742 quam
1035 666 1066 725 in
1081 664 1239 726 scribendo

196 782 305 839 operae
325 781 512 840 poneremus,
535 762 644 822 deinde
665 761 737 840 ipsis
757 762 870 839 scriptis
896 782 958 823 non
986 782 1122 840 eaquae
1149 782 1237 836 nunc,
1269 787 1282 837 5

199 859 251 920 sed
271 858 403 919 actiones
424 869 538 919 nostras
565 860 781 931 mandaremus,
811 870 844 919 ut
871 878 959 936 saepe
986 858 1117 920 fecimus.
1160 861 1238 920 Cum

198 967 297 1016 autern
317 975 363 1016 res
383 954 510 1032 publica,
533 953 644 1030 inqua
667 955 763 1015 omnis
790 974 858 1015 mea
884 974 955 1015 cura
982 955 1121 1033 cogitatio
1147 975 1238 1032 opera

198 1050 271 1127 poni
291 1051 412 1124 solebat,
434 1053 515 1109 nulla
534 1062 611 1110 esset
632 1050 763 1124 omnino,
791 1051 858 1111 illae
886 1050 997 1112 scilicet
1011 1051 1122 1112 litterae
1145 1051 1238 1112 conti-

197 1158 321 1207 cuerunt
343 1150 473 1207 forenses
501 1157 530 1206 et
558 1145 729 1206 senatoriae.
772 1167 799 1220 4.
835 1146 918 1206 Nihil
941 1166 1026 1224 agere
1047 1158 1146 1207 autem
1167 1166 1236 1206 cum

195 1244 311 1303 animus
335 1264 396 1305 non
423 1253 531 1321 posset,
560 1242 591 1302 in
618 1242 664 1302 his
692 1243 795 1303 studiis
815 1245 854 1303 ab
877 1243 963 1304 initio
983 1257 1112 1304 versatus
1133 1245 1235 1306 aetatis
1252 1272 1280 1307 to

193 1340 356 1401 existimavi
377 1337 584 1399 honestissime
598 1337 748 1398 molestias
768 1358 856 1416 posse
877 1339 996 1416 deponi,
1012 1339 1037 1400 si
1050 1359 1098 1401 me
1112 1342 1152 1400 ad
1172 1338 1235 1416 phi-

192 1436 358 1514 losophiam
378 1435 563 1495 rettulissem.
606 1434 664 1495 Cui
681 1453 750 1493 curn
772 1437 897 1494 multum
911 1437 1085 1496 adulescens
1100 1436 1234 1496 discendi

192 1552 282 1593 causa
301 1531 442 1609 temporis
463 1530 639 1605 tribuissem,
667 1542 772 1608 postea
798 1551 887 1608 quarn
910 1531 1073 1593 honoribus
1095 1533 1233 1594 inservire

193 1630 281 1707 coepi
300 1647 408 1706 meque
428 1639 525 1688 totum
545 1627 744 1704 reipublicae
765 1629 881 1702 tradidi,
896 1640 1011 1689 tantum
1025 1640 1086 1690 erat
1106 1631 1234 1706 philoso

193 1728 280 1805 phiae
295 1725 362 1800 loci,
379 1736 521 1803 quantum
536 1727 716 1801 superfuerat
729 1725 891 1786 amicorum
908 1738 937 1787 et
950 1724 993 1787 rei
1012 1727 1148 1804 publicae
1161 1738 1232 1789 tem·
1247 1755 1275 1804 15

192 1826 319 1902 poribus.
362 1825 400 1883 Id
414 1833 513 1883 autem
527 1841 617 1882 omne
634 1825 862 1883 consumebatur
881 1824 912 1883 in
932 1825 1068 1900 legendo,
1084 1824 1232 1885 scribendi

91 1966 93 1972 1
153 1922 286 1982 notium
313 1938 375 1981 non
403 1931 471 1981 erat.
520 1935 546 1997 5.
584 1919 723 1980 Maximis
750 1920 837 1998 igitur
863 1920 894 1980 in
921 1921 1005 1981 malis
1040 1921 1099 1981 hoc
1131 1932 1231 1982 tamen

193 2017 265 2077 boni
286 2016 412 2078 assecuti
431 2017 574 2086 videmur,
594 2027 627 2076 ut
648 2036 683 2077 ea
703 2017 806 2077 litteris
833 2018 1048 2092 mandaremus,
1077 2038 1155 2096 quae
1175 2038 1231 2080 nec

192 2122 275 2172 erant
295 2112 363 2172 satis
384 2123 456 2172 nota
476 2112 583 2172 nostris
598 2122 628 2173 et
643 2123 724 2172 erant
746 2111 913 2188 cognitione
928 2113 1105 2189 dignissima
1149 2113 1230 2188 Quid

193 2207 272 2268 enim
286 2219 336 2282 est,
350 2228 403 2286 per
416 2209 496 2280 deos,
504 2208 660 2285 optabilius
675 2209 827 2285 sapientia,
847 2209 919 2287 quid
940 2210 1142 2288 praestantius,
1158 2210 1230 2288 quid
1244 2236 1275 2273 20

218 2350 246 2399 (2)
270 2349 318 2391 The
333 2358 400 2391 m&
438 2304 552 2365 homini
579 2305 693 2379 melius,
715 2306 788 2382 quid
814 2305 934 2368 homine
956 2307 1095 2385 dignius?
1140 2311 1230 2368 Hanc

241 2400 333 2442 ΟΜ
356 2400 402 2450 dit·
440 2401 526 2480 igitur
546 2401 597 2479 qui
617 2413 759 2478 expetunt
772 2403 941 2482 philosophi
962 2405 1158 2479 nominantur,
1173 2425 1230 2466 nec

241 2450 403 2551 gibecisanih:
441 2497 599 2574 quicquam
620 2498 700 2557 aliud
722 2508 766 2558 est
785 2499 980 2577 philosophia,
1003 2500 1027 2559 si
1047 2501 1229 2577 interpretari

208 2557 210 2560 ’
240 2550 393 2592 consideration

239 2600 405 2698 3233ch
439 2592 519 2665 velis,
551 2604 666 2669 praeter
697 2593 825 2653 studium
856 2595 1024 2672 sapientiae
1080 2595 1230 2672 Sapientia

239 2699 402 2759 amoma
438 2699 538 2748 autern
558 2699 611 2758 est,
628 2698 660 2746 ut
675 2689 852 2749 aveteribus
871 2688 1054 2767 philosophis
1075 2691 1227 2752 definitum
1241 2719 1253 2752 2
1257 2719 1271 2768 5

239 2750 355 2862 bilheil
376 2760 405 2841 lt
439 2795 492 2858 est,
506 2803 602 2843 rerum
623 2784 787 2844 divinarum
808 2797 837 2846 et
858 2786 1052 2846 humanarum
1065 2807 1229 2848 causarum-

239 2855 360 2900 ”M‘m'
438 2900 504 2956 que,
520 2881 626 2958 quibus
646 2901 699 2942 eae
713 2902 758 2942 res
772 2883 968 2958 continentur,
983 2885 1111 2958 scientia,
1145 2886 1227 2948 cuius

189 2974 319 3035 studium
339 2975 390 3052 qui
410 2976 555 3054 vituperat
576 2979 658 3039 haud
677 2998 748 3039 sane
769 2979 906 3058 intellego
926 2981 1069 3058 quidnam
1089 2982 1128 3043 sit
1144 2983 1226 3060 quod

188 3073 371 3133 laudandum
397 3085 489 3150 putet
537 3078 564 3135 6.
601 3079 680 3136 Nam
701 3077 763 3138 sive
783 3079 942 3141 oblectatio
962 3080 1111 3156 quaeritur
1136 3080 1227 3142 animi

187 3168 361 3246 requiesque
380 3189 524 3245 curarum,
539 3191 615 3248 quae
635 3173 760 3235 conserti
780 3194 849 3234 cum
869 3195 971 3237 eorum
994 3177 1098 3238 studiis
1118 3189 1224 3255 potest,
1238 3201 1270 3250 30

187 3265 238 3342 qui
258 3285 375 3342 semper
394 3267 507 3343 aliquid
527 3268 693 3344 anquirunt,
707 3272 790 3347 quod
804 3282 917 3349 spectet
931 3283 960 3333 et
973 3274 1068 3334 valeat
1089 3275 1129 3334 ad
1148 3277 1226 3337 bene

186 3364 332 3440 beateque
345 3363 528 3425 vivendum?
547 3365 607 3426 sive
620 3367 695 3427 ratio
709 3368 891 3430 constantiae
905 3369 1079 3449 virtutisque
1099 3373 1227 3447 ducitur,

186 3470 237 3519 aut
256 3460 331 3520 haec
344 3478 390 3519 ars
404 3470 449 3520 est
462 3471 513 3520 aut
526 3462 607 3521 nulla
620 3462 751 3537 omnin0,
772 3483 825 3540 per
844 3484 934 3542 quarn
954 3487 1005 3527 eas
1025 3488 1223 3545 assequamur.

187 3557 306 3615 Nullam
320 3556 419 3616 dicere
432 3576 633 3618 maxumarum
647 3577 744 3619 rerum
757 3572 850 3621 artem
864 3581 937 3634 esse,
952 3583 1021 3623 cum
1036 3551 1224 3626 minimanun

185 3653 250 3713 sine
263 3663 325 3713 arte
338 3653 419 3712 nulla
432 3651 478 3726 sit,
493 3653 648 3715 hominum
661 3666 705 3715 est
718 3675 821 3732 parum
836 3659 1019 3720 considerate
1039 3661 1223 3738 loquentium
1237 3678 1265 3728 35

237 3791 265 3840 ¹5
281 3777 401 3842 temporis
421 3776 461 3826 od
480 3777 586 3840 tempori
606 3777 671 3828 codd.
675 3792 689 3838 ;
708 3780 861 3844 temporibus
885 3783 1006 3834 Voturiae
1027 3786 1068 3836 Ba
1089 3789 1127 3838 Be
1146 3790 1228 3840 hicine

185 3858 227 3904 Lu
