2670 4296
187 208 225 264 86
578 208 627 266 De
644 225 676 266 ea
696 207 867 283 benqicentia
1069 202 1115 286 [II
1130 223 1175 265 xx
1189 210 1227 282 69

122 403 179 452 xx·
213 417 238 457 ln
255 417 367 467 ‘endem
383 431 398 459 ἃ
499 378 546 465 69.
590 375 650 435 Sed
672 393 741 433 cum
763 373 794 434 in
818 373 988 434 hominibus
1016 372 1151 432 iuvandis
1178 386 1228 434 aut

185 467 396 567 ffiffinfggsslffi
434 489 531 531 mores
545 470 671 548 spectari
687 481 739 530 aut
757 472 875 531 fortuna
889 471 990 543 soleat,
1006 470 1088 531 dictu
1107 471 1228 547 quidem

185 567 396 667 [gffiprgffiffig
434 579 479 629 est
492 568 620 647 proclive
635 568 735 645 itaque
754 570 844 645 volgo
857 571 1027 645 loquuntur,
1043 588 1074 629 se
1095 568 1126 628 in
1140 571 1228 629 bene-

185 666 396 766 gffisgova'erffiaffl
433 665 507 724 ficiis
521 665 704 725 collocandis
718 684 815 725 mores
823 665 988 737 hominum,
1004 683 1065 724 non
1079 666 1226 726 fortunam

113 765 118 774 ’
184 767 318 856 {1232ss
319 767 397 856 323?
435 760 527 838 sequi.
572 763 712 821 Honesta
734 761 827 821 oratio
846 772 899 822 est.
941 762 1002 821 Sed
1020 761 1085 838 quis
1103 773 1148 822 est
1166 773 1226 823 tan-
1257 783 1272 830 5

184 843 315 958 {flgrc'nffight
331 875 353 908 to
367 831 404 909 a}
434 861 512 932 dem,
530 858 581 934 qui
599 858 696 935 inopis
715 869 745 919 et
764 857 868 935 optimi
881 856 936 917 viri
950 877 1055 920 causae
1069 877 1132 918 non
1145 871 1227 919 ante·

288 930 333 968 ω’
433 967 525 1033 ponat
545 955 576 1014 in
598 975 687 1032 opera
707 956 808 1014 danda
827 953 950 1032 gratiam
970 953 1111 1014 fortunati
1127 963 1158 1015 et
1176 974 1227 1032 po-

184 1049 290 1110 tentis?
329 1053 358 1112 A
379 1072 440 1129 quo
464 1052 543 1112 enim
566 1051 731 1129 expeditior
750 1062 780 1112 et
801 1051 923 1111 celerior
944 1049 1140 1111 remuneratio
1164 1052 1226 1111 sore

184 1145 307 1220 videtur,
323 1147 354 1206 in
368 1167 437 1207 eum
458 1149 517 1208 sere
531 1158 576 1208 est
590 1149 726 1208 voluntas
746 1157 847 1207 nostra
866 1145 1046 1223 propensior.
1089 1146 1150 1206 Sed
1167 1147 1226 1205 ani-

151 1290 154 1294 .
185 1244 430 1304 madvertendum
450 1254 494 1304 est
511 1244 689 1321 diligentius,
712 1263 788 1321 quae
807 1254 913 1303 natura
930 1263 1027 1302 rerum
1045 1241 1091 1304 sit.
1134 1242 1227 1303 Nimi-
1243 1264 1272 1298 10

185 1358 249 1398 rum
270 1339 350 1400 enim
372 1341 458 1419 inops
480 1342 538 1416 ille,
558 1341 583 1401 si
599 1344 696 1402 bonus
715 1352 760 1402 est
777 1341 828 1414 vir,
842 1341 932 1401 etiam
945 1338 970 1398 si
979 1341 1084 1400 referre
1104 1340 1226 1417 gratiam

184 1455 246 1496 non
259 1449 365 1513 potest,
380 1438 489 1499 habere
502 1449 581 1499 certe
595 1448 700 1516 potest
743 1437 912 1500 Commode
926 1448 1034 1509 autem,
1046 1435 1226 1513 quicumque

185 1533 267 1607 dixit,
284 1536 454 1612 ‘pecuniam
468 1535 519 1613 qui
533 1535 650 1608 habeat,
660 1554 722 1595 non
736 1534 910 1606 reddidisse,
921 1533 972 1611 qui
985 1533 1154 1607 reddiderit,
1164 1555 1225 1594 non

185 1629 301 1703 habere,
327 1632 449 1710 gratiam
469 1643 569 1691 autem
587 1641 617 1691 et
638 1630 690 1708 qui
710 1629 853 1690 rettulerit
873 1630 983 1688 habere
1002 1640 1031 1689 et
1049 1628 1101 1705 qui
1119 1629 1226 1689 habeat

184 1726 347 1786 rettulisse!
386 1729 427 1787 At
448 1727 499 1804 qui
519 1746 552 1787 se
572 1727 734 1803 locupletes
755 1727 915 1786 honoratos
938 1727 1043 1785 beatos
1069 1736 1183 1801 putant,
1206 1725 1226 1783 ii
1243 1747 1270 1792 ¹5

185 1841 223 1884 ue
237 1823 359 1905 obligari
373 1825 494 1900 quidem
508 1823 654 1885 beneficio
668 1824 786 1883 volunt:
814 1822 886 1899 quin
901 1820 990 1882 etiam
1003 1821 1181 1881 beneficium
1195 1842 1226 1881 se

185 1919 302 1980 dedisse
321 1921 506 1996 arbitrantur,
528 1941 597 1981 cum
613 1920 669 1999 ipsi
691 1920 825 1998 quamvis
841 1939 983 1997 magnum
1004 1919 1126 1996 aliquod
1147 1939 1228 1979 acce-

184 2015 288 2090 perint,
310 2028 399 2096 atque
424 2019 512 2079 etiam
537 2039 556 2078 a
577 2039 609 2080 se
630 2030 681 2079 aut
703 2018 844 2097 postulari
868 2029 919 2077 aut
935 2017 1097 2095 exspectari
1115 2016 1227 2094 aliquid

184 2115 377 2191 suspicantur,
392 2116 557 2194 patrocinio
570 2136 641 2178 vero
662 2136 694 2176 se
708 2136 777 2177 usos
792 2126 842 2176 aut
856 2115 979 2175 clientes
998 2114 1137 2193 appellari
1150 2134 1227 2174 mor·

185 2210 221 2287 tis
249 2211 340 2272 instar
365 2225 479 2290 putant.
524 2227 570 2289 70.
606 2216 648 2273 At
670 2233 741 2273 vero
768 2213 819 2272 ille
847 2211 953 2286 tenuis,
978 2231 1055 2286 cum,
1082 2211 1226 2288 quidquid
1241 2240 1272 2273 ιο

184 2307 295 2368 sactum
316 2308 362 2381 sit,
378 2329 409 2370 se
430 2299 604 2388 spectatum,
620 2330 683 2370 non
703 2310 852 2369 fortunam
872 2319 965 2386 putat,
981 2328 1042 2368 non
1063 2310 1154 2369 modo
1175 2307 1224 2379 illi,

184 2402 235 2478 qui
256 2415 300 2465 est
319 2405 448 2478 meritus,
464 2406 518 2466 sed
538 2405 627 2466 etiam
643 2405 709 2479 illis,
723 2426 742 2465 a
760 2407 867 2482 quibus
885 2416 1127 2483 expectat-eget
1148 2404 1225 2464 enim

184 2500 332 2574 multis-‚
343 2513 458 2578 gratum
472 2521 504 2562 se
515 2501 607 2562 videri
621 2503 734 2563 studet:
752 2522 850 2579 neque
860 2521 929 2562 vero
939 2501 1035 2562 verbis
1046 2513 1132 2579 auget
1141 2521 1227 2561 suum

184 2615 300 2669 munus,
316 2597 341 2656 si
355 2617 415 2674 quo
429 2599 503 2658 torte
522 2598 660 2675 fungitur,
676 2600 729 2658 sed
745 2598 835 2658 etiam
856 2608 1002 2658 extenuat
1045 2597 1227 2656 Videndum·
1269 2669 1272 2676 ,

184 2712 243 2768 que
257 2693 331 2754 illud
344 2706 398 2768 est,
413 2696 505 2772 quod,
521 2694 546 2754 si
560 2696 736 2771 opulentum
750 2694 991 2773 fortunatumque
1007 2693 1181 2767 defenderis,
1195 2693 1224 2752 in
1240 2711 1269 2760 25

185 2808 246 2850 uno
265 2790 316 2851 illo
336 2802 396 2863 aut,
415 2790 440 2851 si
459 2793 543 2864 sorte,
559 2790 590 2849 in
611 2790 709 2851 liberis
731 2789 794 2849 eius
813 2800 915 2850 manet
933 2790 1040 2866 gratia:
1066 2790 1111 2850 sin
1128 2803 1232 2863 autem

185 2885 314 2964 inopem,
329 2889 455 2966 probum
475 2898 576 2963 tamen
597 2898 627 2948 et
645 2888 822 2959 modestum,
838 2906 942 2947 omnes
958 2905 1020 2946 non
1039 2886 1165 2963 improbi
1177 2888 1228 2946 hu-

185 2982 279 3057 miles,
300 3004 377 3061 quae
400 3004 509 3062 magna
528 2983 560 3043 in
580 2985 692 3061 populo
713 2983 873 3044 multitudo
895 2992 949 3055 est,
970 2982 1148 3059 praesidium
1171 2982 1227 3042 sibi

179 3093 319 3157 ,paratum
333 3081 442 3141 vident.
487 3098 534 3156 71.
571 3081 670 3155 Quam
685 3081 800 3141 obrem
815 3079 920 3140 melius
934 3078 1014 3155 apud
1028 3080 1124 3140 bonos
1138 3100 1227 3156 quam

184 3176 271 3254 apud
288 3179 452 3238 fortunatos
475 3176 654 3237 beneficium
676 3177 815 3237 collocari
841 3187 924 3254 put0.
968 3176 1078 3236 Danda
1104 3175 1227 3236 omnino
1240 3207 1272 3255 30

211 3320 222 3362 Ι
309 3320 320 3361 s
386 3341 396 3352 ¹
434 3292 524 3351 opera
537 3284 582 3334 est
595 3284 628 3334 ut
647 3274 730 3334 omni
742 3274 843 3351 generi
863 3273 933 3334 satis
949 3275 1046 3333 facere
1066 3274 1227 3351 possimus;

184 3332 394 3426 estimem
432 3369 495 3443 sed,
524 3369 550 3429 si
576 3389 622 3430 res
649 3369 681 3429 in
709 3371 933 3431 contentionem
960 3368 1066 3443 veniet,
1090 3371 1227 3431 nimirum

185 3430 227 3462 two
243 3432 267 3462 or
283 3433 340 3463 more
357 3421 394 3462 de-

184 3469 399 3570 witelmi
433 3465 650 3527 Themistocles
673 3476 718 3526 est
741 3477 845 3527 auctor
867 3464 1062 3539 adhibendus,
1087 3466 1227 3543 quicum

183 3570 400 3665 fficffiffif
435 3563 644 3635 consuleretur,
659 3573 757 3621 utrum
771 3563 853 3623 bono
866 3561 928 3622 viro
943 3561 1064 3639 pauperi
1077 3583 1115 3621 an
1129 3562 1227 3622 minus

434 3658 560 3732 probato
581 3654 665 3716 diviti
687 3655 778 3713 filiam
799 3657 975 3717 collocaret:
998 3657 1076 3732 ‘Ego
1091 3657 1173 3715 vero'
1186 3657 1226 3715 in·
1241 3682 1271 3731 55

132 3862 136 3869 ,
234 3818 266 3872 ²4
281 3814 333 3868 aut,
349 3807 452 3862 sisorte,
469 3805 495 3854 in
511 3804 604 3854 liberis.
641 3805 765 3855 ‘Sauatus
776 3808 839 3856 locres
852 3815 889 3857 est
905 3825 937 3857 ex
953 3809 1030 3859 Bern.
1049 3824 1062 3856 c
1075 3808 1105 3856 ab
1123 3809 1229 3859 Orellt'o:

186 3891 258 3956 uulgo
272 3889 293 3941 si
308 3888 442 3945 ontittt'tur,
459 3887 532 3951 quasi
546 3895 588 3935 aut
604 3885 668 3935 forte
678 3893 727 3949 pro
743 3896 786 3939 aut
802 3891 906 3942 tortasse
920 3892 1065 3941 Tullianum
1076 3887 1126 3941 sit.⁸
1143 3891 1174 3939 St
