2670 4296
149 222 205 300 136
364 221 416 282 De
432 223 599 281 contentione
615 221 740 281 Honesti
757 229 784 281 ct
810 223 899 283 Urnis
951 218 1016 304 [111
1025 231 1186 304 xxx1111'3

144 390 293 454 Anienem
317 389 402 463 Galli,
431 402 521 465 quem
548 390 587 448 ab
621 409 658 451 eo
692 404 866 467 provocatus
898 391 1053 466 occiderat,
1082 402 1187 470 torque

145 489 278 549 detracto
305 505 471 563 cognomen
493 485 612 558 invenit,
636 485 720 545 cuius
742 486 827 546 tertio
849 489 1003 547 consulatu
1028 488 1126 548 Latini
1146 489 1187 549 ad

145 584 279 646 Veserim
307 583 364 643 susi
386 593 416 642 et
437 581 536 658 fugati,
560 602 683 660 magnus
707 583 751 641 vir
772 583 802 642 in
830 583 930 660 primis
958 595 988 644 et
1015 584 1066 661 qui
1092 585 1188 662 perin-

133 683 270 759 dulgens
283 681 314 740 in
329 691 451 757 patrem,
467 680 546 740 idem
561 681 666 740 acerbe
680 700 798 741 severus
813 681 842 740 in
856 681 957 742 tilium.

23 805 357 857 xxxflwdbygatofm
456 795 520 851 113.
563 778 621 837 Sed
648 789 680 837 ot
707 778 873 838 laudandus
901 780 1034 856 Regulus
1060 778 1091 839 in
1118 799 1188 840 con·
1216 805 1230 852 5

145 859 358 957 {l‘sslssfflffieupssl
395 875 539 936 servando
573 874 635 934 iure
669 873 802 947 iurando,
831 875 873 935 sie
900 876 1004 936 decem
1031 876 1081 949 illi,
1111 896 1187 952 quos

145 957 359 1048 Hsslnilsslihhssni‘f
394 983 461 1049 post
490 973 678 1032 Cannensem
705 990 834 1048 pugnam
856 971 964 1032 iuratos
988 974 1027 1032 ad
1051 984 1211 1056 senatum

146 1057 238 1101 cm
294 1109 299 1123 ,
394 1070 473 1130 misit
485 1068 636 1129 Hannibal
647 1089 677 1128 se
692 1068 722 1127 in
736 1081 831 1128 castra
844 1070 986 1130 redituros
1001 1090 1044 1142 ea,
1060 1090 1186 1146 quorum

146 1180 228 1230 erant
248 1166 333 1245 potiti
354 1167 457 1240 Poeni,
472 1167 528 1226 nisi
548 1168 587 1227 de
605 1166 785 1226 redimendis
804 1167 926 1243 captivis
944 1164 1186 1244 impetravissent,

56 1320 58 1324 ,
146 1266 171 1326 si
198 1285 259 1325 non
286 1263 442 1336 redierunt,
470 1262 663 1339 vituperandi.
708 1265 755 1322 De
783 1263 889 1339 quibus
912 1283 973 1323 non
998 1283 1102 1323 omnes
1125 1282 1186 1324 uno
1201 1287 1231 1324 ro

146 1361 252 1421 modo:
272 1379 341 1419 nam
356 1360 505 1436 Polybius,
522 1361 618 1419 bonus
640 1369 742 1417 auctor
755 1358 786 1417 in
800 1358 909 1436 primis,
926 1380 962 1419 ex
975 1361 1080 1419 decem
1094 1359 1187 1419 nobil·

145 1456 261 1530 issimis,
276 1456 405 1533 quitum
419 1466 502 1516 erant
516 1455 606 1528 missi,
622 1475 729 1516 novem
744 1456 896 1517 revertisse
911 1456 991 1529 dicit,
1007 1476 1038 1517 re
1052 1478 1070 1518 a
1083 1468 1188 1517 senatu

145 1574 207 1614 non
225 1554 393 1631 impetrata:
413 1573 506 1613 unum
532 1575 568 1614 ex
590 1556 703 1628 decem,
723 1553 775 1630 qui
799 1555 898 1631 paullo
919 1565 987 1630 post
1014 1574 1103 1631 quam
1125 1567 1186 1621 erat

145 1672 277 1730 egressus
291 1672 308 1712 e
322 1651 422 1712 castris
436 1650 559 1713 redisset
573 1651 657 1728 quasi
671 1651 782 1727 aliquid
796 1663 873 1712 esset
887 1652 1003 1725 oblitus,
1016 1655 1130 1713 Romae
1144 1672 1187 1714 re·

146 1747 295 1807 mansisse
333 1746 444 1809 Reditu
455 1747 535 1807 enim
549 1746 579 1805 in
594 1758 688 1806 castra
702 1748 856 1808 liberatum
865 1768 896 1807 se
911 1767 975 1808 esse
989 1746 1185 1810 iureiurando
1202 1773 1229 1822 15

175 1892 326 1944 Equivomion
394 1842 645 1920 interpretabatur.
669 1846 740 1904 Non
753 1855 847 1918 recte;
860 1846 936 1904 fraus
951 1843 1030 1904 enirn
1044 1844 1183 1922 astringit,

145 1943 358 2043 ppersffitsrgfsgp
395 1957 457 1998 non
492 1938 625 1999 dissolvit
659 1939 825 2015 periurium.
877 1939 945 2000 Fuit
978 1939 1064 2018 igitur
1097 1943 1186 2002 stulta

142 2043 360 2144 {gghvffitsipther
395 2034 538 2095 calliditas
561 2054 695 2111 perverse
714 2035 826 2096 imitata
844 2036 1035 2112 prudentiam.
1078 2039 1185 2114 Itaque

395 2132 524 2192 decrevit
554 2144 673 2192 senatus
701 2143 735 2193 ut
762 2132 811 2192 ille
838 2144 982 2192 veterator
1008 2143 1038 2193 et
1061 2132 1185 2193 callidus

144 2227 261 2288 vinctus
276 2229 316 2287 ad
331 2229 533 2289 Hannibalem
548 2231 710 2290 duceretur.
756 2249 819 2302 114.
856 2229 915 2289 Sed
929 2228 1002 2288 illud
1015 2228 1183 2288 maximum.
1199 2255 1229 2292 ιο

146 2326 225 2386 Octo
251 2324 407 2385 hominum
431 2325 512 2384 milia
539 2326 658 2386 tenebat
687 2325 848 2397 Hannibal,
874 2343 935 2384 non
962 2343 1037 2400 quos
1064 2323 1095 2383 in
1122 2323 1185 2384 acie

325 2469 331 2480 .
347 2490 356 2502 ,
394 2423 521 2499 cepisset
535 2432 586 2482 aut
600 2422 652 2498 qui
666 2422 797 2499 periculo
812 2421 913 2481 mortis
927 2420 1117 2497 diffugissent,
1132 2420 1185 2480 sed

169 2469 264 2512 Another
324 2484 346 2510 ru

144 2520 357 2621 {iffilfiloss‘ssl
394 2518 445 2594 qui
458 2517 550 2577 relicti
564 2516 704 2577 incastris
719 2517 841 2577 fuissent
854 2536 873 2576 a
887 2517 980 2576 Paulo
990 2518 1186 2577 etaVarrone

144 2619 358 2720 ffirefflffi
395 2614 573 2674 consulibus.
598 2615 658 2674 Eos
667 2626 785 2673 senatus
794 2632 855 2673 non
864 2613 978 2672 censuit
986 2611 1184 2686 redimendos,

144 2720 298 2821 fficipjggegf
310 2720 357 2810 ξιξ
394 2730 463 2770 cum
475 2711 504 2770 id
514 2731 603 2788 parva
612 2710 807 2787 pecuniafieri
817 2722 927 2787 posset,
936 2721 968 2786 ut
979 2721 1056 2770 esset
1065 2709 1185 2770 insitum
1197 2735 1227 2784 ιε

144 2820 223 2871 mareu
255 2819 356 2862 advan-
394 2807 535 2868 militibus
557 2808 664 2868 nostris
685 2820 736 2868 aut
757 2807 873 2867 vincere
895 2815 947 2865 aut
974 2805 1074 2867 emori.
1117 2807 1185 2882 Qua

144 2883 216 2920 ⁸⁶⁰⁰*
393 2904 515 2981 quidem
535 2924 566 2965 re
587 2905 688 2966 audita
707 2908 830 2966 fractum
851 2903 982 2963 animum
1008 2903 1185 2964 Hannibalis

146 3002 245 3064 scribit
258 3003 347 3077 idem,
362 3002 444 3078 quod
458 3012 576 3061 senatus
590 3002 776 3078 populusque
791 3002 945 3059 Romanus
959 2999 1046 3057 rebus
1060 2996 1184 3058 adflictis

145 3110 206 3158 tam
223 3100 338 3161 excelso
362 3097 462 3158 animo
484 3096 592 3156 suisset
636 3095 685 3156 Sic
705 3094 866 3155 honestatis
894 3091 1113 3168 comparatione
1140 3111 1184 3167 ea,

146 3215 221 3272 quae
231 3197 366 3257 videntur
379 3195 468 3269 utilia,
478 3194 641 3255 vincuntur.
681 3210 744 3270 115.
767 3191 879 3251 Acilius
893 3203 1000 3263 autem,
1011 3188 1061 3266 qui
1072 3191 1185 3250 Graeoe
1197 3216 1228 3265 30

145 3291 258 3368 scripsit
277 3291 437 3365 historiam,
459 3293 556 3368 plures
576 3291 618 3351 ait
636 3290 725 3350 fuisse
746 3289 796 3367 qui
823 3289 854 3357 in
881 3301 975 3348 castra
1000 3285 1186 3347 revertissent

144 3389 248 3449 eadem
262 3389 372 3461 fraude,
387 3399 420 3449 ut
433 3387 495 3447 iure
509 3387 632 3448 iurando
646 3387 843 3459 liberarentur,
860 3404 970 3461 eosque
984 3404 1002 3443 a
1014 3382 1185 3452 censoribus

146 3482 284 3544 omnibus
304 3482 472 3562 ignominiis
496 3495 622 3545 notatos.
665 3484 708 3545 Sit
730 3484 789 3544 iam
813 3483 899 3543 huius
921 3481 980 3542 loci
1002 3479 1075 3540 finis.
1119 3481 1186 3551 Per·

197 3656 226 3707 16
250 3656 372 3720 distringit
389 3656 430 3706 Ba
455 3657 539 3721 Unger
558 3672 614 3706 mm
632 3663 679 3721 opt.
690 3657 755 3706 codd.
791 3659 800 3714 ΙΙ
837 3672 868 3706 ιο
891 3655 942 3706 Sed
960 3655 1186 3707 illud-vincuntur

145 3736 239 3786 seclusit
248 3738 288 3785 Ba
299 3744 393 3786 auctore
403 3738 427 3786 Ι.
439 3737 478 3786 Μ.
490 3737 649 3800 Heusingero,
663 3745 692 3786 ut
700 3739 835 3802 exemplum
846 3753 863 3786 a
874 3754 900 3786 re
903 3738 1026 3802 proposita
1036 3737 1143 3786 alenam
1173 3741 1183 3796 ΙΙ

148 3830 178 3864 ιι
205 3815 521 3880 perieulum...det'ugissent
541 3816 579 3866 Or
601 3832 657 3865 cum
682 3833 732 3867 uno
748 3817 823 3867 codne
838 3817 914 3866 Bern.
932 3832 951 3878 c,
971 3815 1184 3882 periculo...diffu·

146 3895 238 3960 gissent
248 3897 279 3946 St
287 3897 328 3948 Bo
338 3897 417 3951 Hane
425 3898 467 3949 Lu
477 3913 532 3948 cum
542 3897 608 3950 codd.
