2670 4296
198 222 236 284 74
633 207 683 265 De
696 205 790 282 gloria
1084 199 1131 283 [ΙΙ
1146 219 1180 265 xt
1196 202 1235 278 38

193 371 284 446 ciunt,
305 390 433 448 cumque
456 369 555 447 aliqua
574 368 611 429 iis
631 371 730 446 ampla
750 379 780 430 et
800 371 924 429 honesta
943 388 990 430 res
1014 366 1130 428 obiecta
1157 377 1236 427 totos

193 469 233 529 ad
253 487 285 528 se
305 465 448 529 convertit
468 477 498 526 et
517 464 601 542 rapit,
616 476 680 526 turn
701 464 766 541 quis
787 484 848 525 non
869 462 1028 525 admiretur
1048 463 1236 540 splendorem

141 577 180 627 xl
192 565 501 643 pulchritudinemque
524 562 659 623 virtutis?
700 567 746 638 38.
778 564 856 640 Ergo
877 573 906 622 et
930 563 1003 622 haec
1026 559 1119 620 animi
1142 559 1238 636 despi-

279 725 284 735 ,
439 658 547 721 cientia
567 658 823 720 admirabilitatem
847 677 985 736 magnam
1009 657 1077 717 lacit
1101 667 1131 717 et
1155 677 1238 716 max-

191 725 317 780 b'Jm'oe'
440 752 500 814 ime
520 753 637 826 iustitia,
652 772 691 814 ex
704 771 763 829 qua
783 772 843 811 una
856 751 960 812 virtute
974 750 1027 810 viri
1047 750 1119 811 boni
1139 751 1238 827 appel·
1267 777 1280 825 5

151 913 156 922 ⁸
193 846 297 920 lantur,
329 845 452 908 mirifica
482 850 629 926 quaedam
663 847 843 909 multitudini
875 846 999 919 videtur,
1033 867 1089 908 nec
1122 844 1233 906 iniuria

194 942 293 1005 Nemo
313 944 393 1003 enim
413 944 506 1005 iustus
527 965 591 1007 esse
611 956 718 1022 potest,
733 943 785 1022 qui
805 955 939 1017 mortem,
955 943 1007 1020 qui
1027 944 1170 1016 dolorem,
1185 942 1237 1019 qui

165 1030 168 1034 ’
193 1036 320 1112 exilium,
342 1040 394 1117 qui
413 1052 573 1119 egestatem
594 1041 678 1103 timet
699 1051 749 1100 aut
771 1040 822 1117 qui
845 1059 889 1113 ea,
913 1059 989 1116 quae
1012 1049 1081 1098 sunt
1102 1038 1148 1104 his
1169 1058 1239 1098 con-

247 1168 249 1172 ·
442 1136 536 1209 traria,
561 1137 701 1214 aequitati
729 1135 889 1213 anteponit
934 1133 1123 1211 Maximeque
1146 1134 1237 1193 admi-

193 1213 301 1317 &iabit
312 1216 407 1320 2103}
443 1246 543 1294 rantur
562 1253 640 1312 eum,
648 1234 700 1322 qui
717 1232 843 1311 pecunia
862 1216 1080 1305 non'movetur,
1112 1231 1194 1307 quod
1207 1229 1237 1288 in
1253 1257 1281 1292 ιο

443 1351 503 1408 quo
524 1330 586 1392 viro
610 1341 797 1408 perspectum
821 1328 867 1402 sit,
889 1330 970 1388 hunc
993 1327 1053 1406 igni
1074 1337 1237 1403 spectatum

194 1423 375 1488 arbitrantur.
420 1429 524 1506 Itaque
545 1428 594 1488 illa
614 1428 676 1501 tria,
692 1446 768 1505 quae
788 1425 939 1503 proposita
959 1437 1027 1484 sunt
1047 1426 1086 1484 ad
1106 1423 1236 1502 gloriam,

193 1557 275 1612 1⁰³⁶oe
299 1561 330 1612 g,
351 1562 409 1604 M
444 1527 544 1588 omnia
557 1526 694 1587 iustitia
707 1525 835 1599 conficit,
850 1535 880 1586 et
895 1523 1141 1597 benevolentiam,
1156 1524 1238 1599 quod

194 1613 337 1704 m&
347 1613 411 1706 ‘¹²¹3
444 1624 583 1699 prodesse
604 1624 667 1682 vult
690 1621 830 1700 plurimis,
853 1631 883 1682 et
905 1621 944 1681 ob
967 1620 1094 1679 eandem
1117 1638 1237 1678 causam

194 1710 267 1762 ⁰¹⁰¹*
444 1719 534 1780 fidem
555 1730 585 1780 et
604 1717 838 1790 admirationem,
853 1717 935 1793 quod
953 1735 1003 1776 eas
1021 1735 1066 1776 res
1085 1715 1194 1793 spernit
1207 1726 1237 1775 et
1254 1739 1278 1785 ¹5

194 1811 329 1889 neglegit,
344 1815 383 1873 ad
396 1834 470 1891 quas
483 1815 614 1893 plerique
628 1814 800 1876 inflammati
813 1813 951 1874 aviditate
964 1812 1121 1890 rapiuntur.

255 1925 302 1984 39.
344 1913 391 1969 Ac
409 1930 476 1971 mea
489 1912 611 1988 quidem
630 1911 775 1972 sententia
793 1909 889 1970 omnis
904 1908 977 1969 ratio
990 1921 1080 1985 atque
1093 1907 1237 1969 institutio

193 2002 271 2064 vitae
291 2005 462 2067 adiumenta
482 2008 638 2068 hominum
666 2006 821 2079 desiderat,
854 2002 1054 2082 inprimisque,
1076 2015 1110 2064 ut
1129 2005 1237 2066 habeat

194 2100 372 2177 quibuscum
390 2103 482 2179 possit
501 2104 656 2165 familiares
675 2107 807 2164 conferre
821 2122 989 2164 sermones:
1011 2103 1093 2179 quod
1102 2114 1151 2162 est
1164 2102 1237 2162 diffi-

194 2196 259 2271 cile,
274 2199 330 2258 nisi
344 2200 473 2275 speciem
486 2220 556 2277 prae
575 2210 604 2261 te
618 2199 690 2261 boni
707 2199 761 2260 viri
779 2202 860 2260 seras.
905 2201 982 2276 Ergo
999 2198 1089 2258 etiam
1107 2197 1235 2259 solitario
1248 2218 1279 2253 πο

194 2295 308 2356 homini
327 2309 416 2374 atque
437 2297 467 2359 in
488 2317 557 2375 agro
576 2297 666 2358 vitam
686 2297 784 2375 agenti
804 2296 905 2375 opinio
925 2296 1052 2357 iustitiae
1072 2296 1234 2357 necessaria

193 2403 246 2466 est,
261 2413 357 2469 eoque
377 2394 467 2454 etiam
487 2395 587 2472 magis,
603 2396 693 2470 quod,
709 2414 776 2454 eam
794 2393 819 2453 si
837 2413 897 2453 non
911 2393 1062 2453 habebunt
1075 2392 1233 2469 iniustique

193 2489 386 2563 habebuntur,
409 2491 496 2550 nullis
516 2491 668 2568 praesidiis
690 2489 782 2567 saepti
806 2489 905 2550 multis
928 2489 1090 2549 afficientur
1112 2488 1231 2548 iniuriis.

191 2603 403 2694 inaequalem„
441 2607 487 2660 40.
517 2591 616 2665 Atque
638 2587 673 2648 iis
694 2587 783 2648 etiam
801 2587 854 2664 qui
876 2588 1009 2693 rendunt
1031 2599 1148 2694 emunt·
1163 2607 1233 2695 con·

192 2697 241 2735 ⁵²¹5
254 2694 320 2726 ”me
335 2684 404 2725 ΜΠ
441 2684 554 2743 ducunt
577 2685 676 2742 locant
702 2683 969 2758 contrahendisque
992 2694 1116 2760 negotus
1140 2687 1232 2761 rmplr·
1246 2699 1276 2750 25

192 2744 247 2775 rorts
268 2735 311 2775 and
332 2733 403 2775 condi·

192 2783 248 2831 ⁶⁰⁰⁸
280 2784 305 2844 9(
338 2796 402 2825 men:
440 2792 550 2854 cantur,
565 2780 675 2840 iustitia
692 2779 732 2839 ad
750 2799 811 2840 rem
829 2781 989 2857 gerendam
1003 2781 1165 2841 necessaria
1177 2793 1230 2855 est,

193 2846 246 2876 even
254 2833 353 2885 brrgands
361 2835 403 2875 aud

192 2883 405 2976 &mimano
441 2876 524 2937 cuius
544 2888 626 2936 tanta
641 2875 684 2936 vis
702 2886 755 2949 est,
770 2887 803 2936 ut
822 2895 859 2937 ne
873 2876 914 2936 illi
928 2876 1058 2953 quidem,
1074 2878 1125 2954 qui
1145 2881 1232 2939 male·

441 2973 509 3033 ficio
529 2984 559 3034 et
579 2975 688 3034 scelere
707 2984 874 3050 pascuntur,
889 2973 1002 3049 possint
1021 2973 1083 3033 sine
1097 2976 1157 3033 ulla
1169 2993 1232 3051 par·

192 3068 282 3130 ticula
308 3069 433 3132 iustitiae
459 3070 564 3131 vivere.
615 3073 694 3130 Nam
721 3070 774 3148 qui
800 3090 902 3132 eorum
929 3071 1065 3149 cuipiam,
1094 3071 1146 3149 qui
1171 3092 1231 3134 una

191 3168 408 3243 latrocinantur,
423 3172 533 3229 iuratur
552 3167 664 3246 aliquid
684 3180 734 3229 aut
754 3169 847 3247 eripit,
863 3169 887 3230 is
906 3170 960 3233 sibi
979 3190 1017 3231 ne
1033 3170 1064 3229 in
1078 3170 1230 3232 latrocinio
1245 3193 1277 3242 30

192 3263 313 3340 quidem
332 3264 468 3341 relinquit
482 3266 581 3324 locum
587 3286 597 3339 ;
615 3264 664 3324 ille
678 3275 786 3337 autern,
802 3264 854 3341 qui
867 3265 1039 3342 archipirata
1049 3266 1163 3341 dicitur,
1175 3265 1231 3326 nisi

190 3455 250 3499 runt
270 3450 352 3514 plures
373 3458 455 3516 partes
478 3451 562 3511 animi,
587 3458 611 3502 et
632 3452 711 3502 maior
734 3468 792 3518 pars
816 3452 900 3513 animi,
929 3469 979 3502 non
1002 3453 1108 3504 maiores
1131 3460 1230 3519 partes:

190 3531 290 3580 maioris
308 3531 385 3596 partis
400 3533 496 3582 animos
516 3533 566 3582 cod.
582 3534 657 3584 Bern.
680 3551 700 3594 c,
723 3534 901 3598 ckapmannus
915 3540 938 3582 et
955 3535 992 3582 Be
1008 3550 1020 3582 e
1037 3534 1107 3594 coni,
1124 3535 1232 3596 probant

191 3611 270 3660 Heine
278 3612 319 3660 Lu
354 3615 364 3668 ΙΙ
408 3626 419 3660 1
449 3613 546 3662 obiecta
562 3621 599 3662 est
614 3615 695 3677 vulgo,
713 3614 811 3663 obiecta
829 3614 869 3663 Ba
884 3615 915 3662 St
928 3615 1009 3662 Heine
1024 3615 1066 3662 Lu
1083 3630 1139 3663 cum
1152 3617 1229 3665 Bem.

189 3704 204 3738 c
238 3695 247 3748 Ι]
285 3706 315 3740 aa
339 3690 422 3740 iniusti
433 3692 589 3743 habebuntur
599 3695 679 3758 vulgo,
689 3694 755 3758 quod
762 3695 890 3757 asyndeton
899 3695 974 3743 nima
983 3695 1075 3744 dunum
1085 3696 1232 3746 secluserunt

190 3774 270 3824 Heine
278 3772 319 3820 Lu
330 3773 370 3822 Ba
380 3788 435 3822 cum
446 3774 579 3823 Facublato
594 3781 624 3823 ut
639 3775 884 3838 interpretamentum,
894 3775 977 3826 iniusti
991 3775 1146 3829 habebuntur
1155 3781 1182 3832 et
1195 3777 1232 3827 Or

192 3871 249 3904 cum
259 3855 307 3904 cod.
317 3871 342 3915 a,
356 3854 489 3920 iniustique
499 3855 656 3906 habebuntur
666 3857 743 3906 Bem-
754 3871 776 3906 c.
