2670 4296
90 198 93 205 ¹
121 207 271 290 111v22]
479 211 529 268 De
553 208 693 268 Utilitatis
712 215 821 267 natura
1104 227 1158 283 103

144 404 220 446 Ηςικε
239 404 276 445 th,
296 418 332 445 ne.
430 381 544 455 Itaque,
559 389 593 439 ut
615 378 677 438 sine
699 380 760 438 ullo
782 398 877 438 errore
892 377 1052 438 diiudicare
1065 377 1156 454 possi-

117 456 202 556 ξξξζξξι
217 455 330 547 [ἳῖῃιζωῗξ
368 494 443 546 mus,
466 474 491 533 si
518 475 638 556 quando
659 494 727 533 cum
748 475 807 546 illo,
829 475 912 550 quod
931 475 1089 534 honestum
1110 472 1153 532 in·

119 564 267 655 ffiffigfssd
278 556 332 656 {2³¹}
369 572 540 649 tellegimus,
562 591 690 648 pugnare
704 571 737 630 id
749 570 902 644 videbitur,
918 571 999 647 quod
1020 570 1152 646 appella·

118 655 331 757 ᾖξῶζξβξξηξζζ
369 690 434 729 mus
454 669 533 740 utile,
556 671 680 728 formula
700 669 846 744 quaedam
870 667 1078 727 constituenda
1097 676 1150 738 est,

118 757 331 847 ffiffl‘ggoffiddffi’ss
368 785 457 841 quam
478 765 502 824 si
523 784 679 842 sequemur
699 763 729 822 in
751 763 970 840 comparatione
990 783 1095 836 rerum,
1111 763 1148 822 ab
1188 784 1201 830 5

118 855 331 974 {qssfjotpt‘g‘gggssgss
369 862 466 921 officio
487 866 650 937 numquam
670 861 849 920 recedemus.
894 879 939 917 20.
970 858 1032 918 Erit
1058 870 1157 918 autem

119 957 332 1058 rssssagssgsff'g
370 960 444 1018 haec
464 960 588 1018 formula
608 957 773 1017 Stoicorum
797 955 902 1016 rationi
926 954 1157 1032 disciplinaeque

113 1057 331 1158 {jgfmgnaggle‘ffpgj
370 1053 498 1114 maxime
525 1065 731 1126 consentanea,
754 1072 844 1129 quam
869 1052 990 1128 quidem
1011 1051 1056 1111 his
1076 1051 1156 1111 libris

117 1121 331 1247 MZWW
367 1161 521 1227 propterea
555 1150 711 1227 sequimur,
740 1151 830 1226 quod,
860 1167 1040 1224 quamquam
1074 1158 1103 1207 et
1137 1167 1155 1206 a

118 1220 167 1247 mr
194 1210 276 1258 yma.
368 1248 513 1308 veteribus
527 1247 714 1307 Academicis
735 1259 765 1307 et
785 1267 803 1305 a
821 1245 1021 1322 Peripateticis
1042 1243 1153 1316 vestris
1172 1272 1201 1306 10

116 1341 168 1417 qui
189 1345 341 1418 quondam
362 1344 442 1404 idem
462 1356 544 1405 erant
565 1344 616 1421 qui
636 1343 816 1416 Academici,
837 1363 913 1419 quae
933 1344 1058 1402 honesta
1078 1352 1154 1414 sunt,

116 1450 334 1515 anteponuntur
354 1442 389 1502 iis
409 1462 486 1518 quae
505 1442 641 1503 videntur
661 1441 751 1513 utilia,
767 1452 866 1500 tamen
885 1439 1067 1517 splendidius
1081 1440 1155 1498 haec
1198 1476 1199 1479 =

116 1535 154 1594 ab
177 1535 218 1596 eis
236 1537 424 1611 disseruntur,
444 1539 559 1614 quibus,
580 1538 752 1615 quidquid
773 1539 961 1598 honestum
983 1548 1043 1609 est,
1063 1535 1155 1596 idem

116 1631 203 1693 utile
230 1634 345 1694 videtur
372 1656 435 1695 nec
462 1636 550 1696 utile
577 1634 773 1712 quicquam,
802 1635 897 1712 quod
928 1654 997 1695 non
1029 1635 1155 1693 hones·

116 1738 196 1801 tum,
213 1751 301 1807 quam
321 1733 358 1792 ab
380 1732 421 1803 iis,
436 1734 542 1809 quibus
563 1744 614 1793 aut
634 1735 792 1792 honestum
812 1732 925 1809 aliquid
945 1750 1006 1793 non
1020 1729 1090 1790 utile
1104 1742 1155 1788 aut
1171 1756 1198 1804 15

115 1827 187 1888 utile
208 1848 268 1888 non
289 1831 454 1890 honesturn.
498 1831 593 1890 Nobis
612 1841 711 1890 autem
730 1841 830 1889 nostra
842 1825 1005 1890 Academia
1018 1846 1156 1905 magnam

115 1923 265 1984 licentiam
293 1928 350 1999 dat,
380 1939 422 2000 ut,
440 1929 654 2004 quodcumque
681 1927 809 1987 maxime
835 1926 987 2003 probabile
1013 1934 1153 1996 occurrat,

117 2016 150 2078 id
176 2031 276 2080 nostro
303 2022 365 2082 iure
392 2023 479 2084 liceat
507 2025 673 2084 defendere.
721 2024 785 2083 Sed'
807 2024 897 2084 redeo
923 2024 964 2082 ad
991 2022 1154 2081 formulam.

81 2117 106 2165 V
369 2140 414 2178 21.
458 2122 618 2180 Detrahere
636 2120 723 2196 igitur
741 2119 823 2180 alteri
835 2119 947 2196 aliquid
961 2130 990 2179 et
1004 2117 1156 2179 hominem

118 2195 331 2297 uiiiiiencssisiiiff
368 2217 497 2278 hominis
518 2218 709 2277 incommodo
730 2237 816 2276 suum
837 2217 1030 2276 commodum
1052 2232 1156 2290 augere
1171 2241 1201 2275 20

118 2297 331 2397 Ἥῑζξξζὲωξρο,
370 2315 462 2391 magis
486 2327 530 2374 est
554 2326 658 2374 contra
681 2325 815 2373 naturam
839 2332 929 2390 quam
953 2332 1040 2385 mors,
1067 2329 1156 2387 quam

118 2395 333 2487 {Egfiffffssffljssflffi
370 2421 534 2486 paupertas,
550 2429 640 2487 quam
654 2411 746 2480 dolor,
762 2429 852 2487 quam
873 2421 978 2482 cetera,
994 2427 1070 2484 quae
1091 2426 1156 2483 pos·

117 2498 332 2588 ffierfflfglsgrffiffi
370 2518 438 2565 sunt
462 2518 512 2565 aut
536 2506 651 2583 corpori
675 2506 809 2567 accidere
833 2517 883 2566 aut
907 2507 993 2566 rebus
1021 2503 1156 2565 externis.

117 2597 332 2700 gffflss’g‘h‘hw
370 2606 449 2663 Nam
473 2604 617 2681 principio
641 2603 716 2664 tollit
741 2602 909 2662 convictum
936 2602 1100 2661 humanum
1128 2613 1157 2661 et

371 2700 550 2762 societatem.
585 2701 615 2761 Si
629 2701 709 2760 enim
723 2700 765 2759 sic
778 2699 886 2760 erimus
900 2698 1016 2772 adfecti,
1026 2708 1059 2757 ut
1072 2716 1158 2774 prop
1172 2721 1200 2766 25

115 2801 160 2852 ter
182 2813 268 2853 suurn
290 2795 414 2873 quisque
436 2800 669 2857 emolumentum
697 2796 802 2872 spoliet
829 2807 880 2856 aut
907 2796 996 2855 violet
1023 2796 1156 2868 alterum,

117 2888 259 2966 disrumpi
274 2911 394 2952 necesse
404 2904 449 2953 est
459 2913 534 2964 eam,
544 2905 620 2969 qua‘e
635 2893 761 2952 maxime
776 2904 820 2953 est
834 2893 999 2951 secundum
1013 2901 1156 2965 naturam,

116 2985 238 3045 humani
251 2988 365 3064 generis
384 2989 563 3050 societatem.
607 3010 653 3050 22.
684 2991 736 3061 Ut,
752 2988 776 3048 si
790 2996 883 3047 unum
904 2988 1046 3063 quodque
1067 3005 1158 3046 mem-

116 3081 202 3141 brum
223 3103 341 3144 sensum
365 3087 445 3144 hunc
472 3087 602 3158 haberet,
624 3098 656 3144 ut
683 3105 770 3162 posse
798 3096 913 3162 putaret
941 3104 972 3144 se
999 3086 1105 3156 valere,
1133 3083 1159 3144 si

117 3179 242 3254 proximi
264 3181 389 3242 membri
410 3182 610 3242 valetudinem
633 3183 672 3240 ad
696 3201 728 3241 se
753 3181 935 3254 traduxisset,
961 3178 1106 3240 debilitari
1128 3191 1158 3241 et
1171 3205 1203 3253 30

117 3272 233 3336 interire
256 3290 351 3337 totum
374 3299 479 3356 corpus
502 3298 623 3338 necesse
645 3289 730 3350 esset,
745 3278 795 3352 sic,
812 3277 836 3338 si
850 3297 926 3337 unus
946 3277 1070 3355 quisque
1089 3296 1159 3338 nos-

117 3379 195 3431 trum
217 3375 257 3433 ad
279 3395 310 3434 se
329 3375 422 3452 rapiat
437 3375 596 3434 commoda
609 3373 733 3435 aliorum
747 3375 940 3450 detrahatque
954 3374 1036 3451 quod
1051 3373 1158 3450 cuique

116 3469 209 3543 possit
233 3471 427 3532 emolumenti
451 3471 495 3531 sui
519 3471 618 3548 gratia,
644 3470 769 3531 societas
793 3470 948 3530 hominum
972 3481 1002 3532 et
1026 3489 1159 3532 commu·

117 3566 192 3627 nitas
207 3580 351 3629 evertatur
364 3588 484 3629 necesse
498 3579 550 3628 est.
594 3570 674 3626 Nam
696 3567 751 3627 sibi
772 3579 805 3633 ut
827 3566 951 3644 quisque
973 3565 1055 3627 malit
1077 3567 1159 3644 quod

116 3666 156 3724 ad
174 3685 260 3725 usum
278 3665 355 3727 vitae
374 3666 519 3743 pertineat
538 3685 628 3743 quam
646 3665 728 3724 alteri
747 3663 909 3741 adquirere,
925 3652 1101 3724 concessum
1114 3674 1159 3725 est
1173 3686 1202 3735 35

166 3881 191 3915 rr
211 3865 254 3931 qui
265 3867 409 3917 Academici
425 3873 510 3916 contra
520 3867 585 3915 codd.
597 3882 644 3915 om.
664 3866 701 3914 Or
712 3865 736 3914 Z
746 3865 783 3914 Be
818 3866 828 3922 ll
866 3874 895 3924 13
911 3863 1061 3915 disserentur
1071 3861 1159 3914 Fatis·-

114 3946 167 3996 tius
176 3950 216 3998 Ba
227 3965 281 3998 cum
292 3949 367 4007 coda,
379 3949 529 3998 disseruntur
543 3948 580 3997 Or
589 3947 668 3996 Heina
678 3947 720 3996 Lu
905 3940 909 3951 '
