2670 4296
176 243 235 303 374
398 227 553 289 NOTES
591 229 681 287 Boot<
697 228 748 287 111
770 245 847 288 cxx
867 229 948 304 580
963 230 999 287 81

175 397 218 437 not
241 389 324 438 curule
346 389 427 438 chairs
448 404 477 438 or
499 389 627 446 tribunals,
650 398 694 439 not
718 389 794 454 being
815 391 899 440 curule
921 390 1092 455 magistrates.
1146 396 1181 446 In
1198 390 1250 448 tue

177 454 255 503 divin.
268 454 295 502 in
306 455 381 504 Caec.
396 466 424 514 15
437 454 527 504 Cicero
543 455 633 519 speaks
649 455 679 504 oi
692 470 708 504 a
720 455 771 504 low
783 456 912 516 advocate,
925 472 953 506 as
967 456 1027 505 bein
1057 459 1091 506 ab
1102 462 1250 523 subselliis,

176 519 194 567 i.
201 535 222 568 e.
240 519 340 583 coming
361 519 425 568 from
446 521 490 568 the
508 519 609 569 inferior
626 528 716 577 courts,
734 521 816 570 which
837 537 902 570 were
921 521 1004 586 presid
1060 539 1129 574 over
1147 527 1187 592 by
1204 527 1249 578 the

176 592 296 648 praetors.
331 586 379 634 See
391 585 469 633 Halm
480 585 517 633 ad
523 586 543 632 l.

223 669 242 713 1.
261 669 299 712 82.
331 664 416 726 amia]
438 680 473 715 sc.
493 665 541 714 via
563 681 594 715 se
615 665 757 723 contulit,
774 682 814 732 ep.
833 666 866 716 ad
882 667 939 716 An.
956 677 987 715 tv
1003 678 1027 729 5,
1047 683 1063 732 3
1088 676 1122 720 tu
1147 673 1181 723 de
1203 674 1250 724 aia

175 737 254 778 recta
271 731 300 778 in
316 730 405 778 karus.

223 814 296 859 113.
333 814 357 859 st
374 810 490 871 umeris]
509 810 547 859 ‘if
559 827 609 874 you
625 812 670 860 ask
687 810 744 868 me,’
762 812 800 861 ‘if
818 828 867 876 you
885 819 952 862 want
971 818 998 861 to
1017 811 1116 863 know’
1139 817 1197 884 i.q.
1219 825 1251 870 ut

175 875 368 935 verumdicam,
390 892 440 924 non
458 875 577 940 diiiilcor:
598 892 639 941 ep.
662 877 694 926 ad
714 877 772 926 fam.
795 890 837 925 vn
858 891 878 936 1,
899 878 1039 938 somnino,
1054 881 1085 929 si
1100 885 1249 945 quaeris,

176 941 232 988 ludi
246 940 439 1004 apparatissimi,
451 941 553 990 sednon
569 942 612 989 tui
624 941 747 1001 stomachi,
762 943 794 991 de
809 959 860 991 sen.
876 944 890 1002 5
903 940 934 1005 65
949 950 1010 991 sunt
1020 947 1117 995 morosi
1127 955 1156 996 et
1166 951 1251 1001 anxii

175 1013 199 1055 ct
213 1006 331 1054 iracundi
350 1021 424 1062 serus,
441 1006 469 1055 si
489 1007 669 1070 quaerimus,
686 1007 760 1055 etiam
781 1008 865 1065 avari,
887 1008 920 1056 de
939 1023 975 1056 or.
1000 1019 1022 1057 11
1045 1010 1060 1068 5
1085 1024 1150 1075 254.
1188 1014 1248 1067 The

176 1071 265 1185 phrasp
290 1071 430 1136 apologises
454 1071 493 1120 for
514 1087 530 1120 a
552 1072 663 1136 possibly
684 1072 837 1137 superfluous
865 1079 1005 1129 statement,
1028 1073 1059 1121 P.
1084 1074 1114 1126 S.
1142 1077 1195 1128 Gr.
1220 1096 1248 1146 p.

177 1150 233 1199 475⁹
263 1170 269 1182 ·

224 1204 243 1249 1.
256 1206 293 1249 ³4.
327 1199 444 1261 matum]
466 1201 531 1249 Plin.
540 1201 566 1249 h.
575 1217 600 1250 n.
610 1213 701 1250 xxxiv
711 1200 735 1261 6,
748 1216 776 1251 ta
785 1209 928 1251 statuerunt
937 1208 961 1251 et
972 1202 1089 1264 (statuas)
1097 1206 1205 1258 Romae
1217 1210 1249 1260 in

176 1266 289 1324 omnibus
299 1265 360 1313 arms
371 1266 451 1314 tribus
461 1267 557 1316 Mario
571 1267 760 1324 Gratidiano,
776 1273 805 1315 nt
813 1268 933 1328 diximus,
946 1268 1088 1331 easdemque
1098 1273 1252 1325 subvertere

176 1331 264 1380 Sullae
278 1331 391 1388 intractu,
414 1331 509 1380 Seneca
531 1333 564 1381 de
585 1332 622 1380 ira
639 1343 673 1380 111
700 1334 727 1381 18
746 1333 786 1381 M.
811 1332 922 1392 Mario,
941 1333 984 1381 cui
1000 1332 1105 1382 vicatim
1121 1340 1249 1401 Μαίας

176 1403 294 1443 statuas
309 1403 434 1457 posuerat,
453 1396 496 1444 cui
516 1396 557 1457 [in
578 1397 652 1446 cuins
669 1397 794 1458 honorem]
813 1404 870 1446 ture
884 1413 913 1446 ac
934 1397 993 1445 vino
1010 1399 1186 1464 supplicabat,
1210 1406 1246 1455 L.

177 1461 251 1509 Sulla
257 1459 402 1524 praefringi
410 1476 493 1520 crura,
507 1461 564 1510 crui
572 1462 657 1518 amalos,
668 1462 798 1526 amputari
807 1478 898 1510 manns
907 1461 989 1511 iussit.

225 1544 261 1589 uti
277 1553 323 1589 aas
337 1545 392 1599 tui,
406 1541 486 1602 nemi]
503 1541 551 1605 ‘by
562 1542 630 1591 them
646 1540 699 1606 (ie.
717 1543 760 1592 the
775 1541 876 1605 statues)
890 1542 1063 1592 frankincense
1079 1545 1135 1594 and
1154 1553 1249 1613 tapers

177 1621 242 1655 were
253 1603 366 1654 burned.’
387 1607 488 1667 cemus]
509 1607 535 1654 ‘a
541 1622 596 1655 wax
604 1605 684 1670 light,’
693 1607 773 1656 Plaut.
782 1609 855 1657 Curc.
865 1621 874 1656 1
883 1607 891 1655 i
902 1623 912 1656 1
922 1614 973 1656 tute
979 1608 1026 1656 tibi
1027 1615 1098 1673 puer
1104 1626 1138 1670 es,
1150 1613 1249 1665 lautus

179 1671 243 1719 luces
253 1686 372 1729 cereum,
385 1670 431 1719 i.e.
445 1673 509 1734 ‘you
520 1671 580 1720 wait
590 1687 658 1737 upon
669 1673 779 1736 yourseli
787 1674 836 1721 and
848 1689 918 1736 carry
928 1688 989 1736 your
1000 1688 1058 1721 own
1069 1674 1136 1739 light
1150 1677 1247 1730 before

177 1751 226 1798 you
237 1734 300 1784 after
310 1733 432 1799 bathing!
457 1736 527 1784 Cerci
534 1752 598 1786 were
609 1736 748 1801 frequently
755 1746 809 1787 sent
820 1753 848 1786 as
859 1745 970 1802 presents
981 1753 1014 1786 on
1023 1738 1066 1787 the
1078 1740 1248 1795 Saturnalia

178 1801 211 1864 by
222 1801 266 1849 the
276 1816 366 1864 poorer
376 1801 464 1850 clients
474 1809 501 1850 to
513 1801 577 1850 their
588 1803 694 1866 patroni.
729 1802 818 1852 Hence
830 1802 931 1852 Martial
942 1815 960 1851 v
974 1802 1003 1850 18
1010 1820 1051 1852 :-

340 1884 407 1947 quad
420 1883 465 1931 tibi
479 1884 609 1933 Decembri
627 1899 713 1942 nunse,
734 1899 782 1946 quo
798 1884 884 1931 valant
901 1890 1010 1947 mappae,

337 1948 489 2012 gracilesque
503 1949 594 2012 apulae
610 1949 742 2012 cereique
758 1949 910 2014 chartaeque.

227 2031 293 2088 quid
302 2027 417 2088 multat]
429 2045 463 2079 sc.
476 2044 639 2085 commemora,
651 2028 696 2077 ie.
708 2035 739 2078 ut
750 2029 854 2093 paucis
865 2028 974 2086 dicam,
986 2029 1000 2089 5
1011 2029 1071 2094 591.
1087 2045 1128 2096 19.

227 2113 394 2160 multitudini
420 2111 516 2172 aanor]
542 2126 583 2176 cp.
611 2111 643 2160 de
670 2116 722 2174 pet.
749 2126 816 2159 cons.
840 2113 854 2171 5
879 2125 908 2161 ro
934 2111 975 2158 M.
1003 2112 1132 2162 Marius
1164 2117 1248 2168 Gra.

179 2176 419 2291 Zipippirpnupuihsourpo
449 2177 592 2225 carissimus
607 2176 698 2242 popula
719 2176 832 2225 Romano
852 2192 868 2224 a
893 2176 1007 2225 Catilina
1028 2192 1112 2227 coerces
1133 2187 1159 2228 ct
1182 2200 1245 2233 cm.

239 2323 318 2381 581,
337 2326 356 2370 1.
375 2327 413 2370 io.
446 2334 500 2371 non
517 2326 557 2370 itu
575 2321 710 2382 magum]
732 2320 777 2372 i.e·
800 2323 858 2371 ‘not
880 2337 908 2370 so
929 2336 988 2383 very
1007 2319 1093 2385 great,'
1119 2335 1143 2373 11
1166 2327 1183 2386 5
1211 2342 1244 2393 19

180 2403 272 2452 neque
294 2387 338 2436 ita
359 2388 437 2436 multo
449 2393 511 2450 post,
532 2387 631 2447 Brut-5
652 2404 699 2450 244
721 2403 778 2436 nan
795 2387 840 2435 ita
862 2386 957 2445 multas,
979 2394 1042 2435 orat.
1065 2388 1078 2446 5
1103 2400 1135 2452 59
1158 2407 1244 2442 rarus

180 2454 286 2501 incessus
305 2468 354 2500 nec
375 2454 418 2500 ita
440 2452 534 2514 longus,
552 2453 584 2501 de
606 2460 658 2501 nat.
681 2454 749 2502 deor.
772 2463 781 2499 1
804 2454 817 2511 ἓ
840 2451 871 2500 86
892 2452 1071 2514 quitus-non
1094 2453 1140 2501 ita
1162 2459 1244 2507 valde

181 2525 316 2576 nioventur,
336 2518 406 2566 Brut.
423 2518 436 2575 5
454 2533 501 2579 233
518 2533 576 2565 non
592 2519 635 2566 ita
651 2518 708 2576 din,
725 2518 787 2566 Hor.
807 2518 859 2566 Sat.
878 2529 899 2565 11
918 2515 941 2571 6,
962 2531 972 2564 1
989 2517 1031 2565 lzoc
1045 2524 1100 2565 erat
1117 2519 1146 2567 in
1163 2524 1240 2583 vatc's,

181 2582 265 2631 modus
275 2582 334 2645 agri
346 2598 399 2631 nan
411 2582 455 2629 ita
467 2598 598 2646 magnus,
613 2583 718 2646 Madvig
728 2582 773 2631 Gr.
785 2584 798 2641 5
809 2581 856 2644 462
868 2598 893 2629 a.

228 2669 257 2711 e.
280 2666 348 2722 ina,
367 2665 386 2709 1.
402 2667 424 2710 a.
460 2667 594 2728 omnem
609 2663 677 2723 ren]
712 2664 759 2711 eut
776 2663 808 2712 ie
824 2679 875 2711 was
897 2662 990 2726 cruelly
1008 2662 1087 2711 killed
1109 2663 1146 2728 by
1165 2642 1248 2720 Suria¹

180 2728 264 2778 before
276 2728 307 2777 he
318 2727 429 2776 attained
440 2728 483 2777 the
494 2727 576 2791 object
587 2728 616 2777 oi
623 2728 661 2777 his
672 2728 801 2785 ambition,
813 2744 853 2777 see
865 2729 944 2776 above
955 2728 973 2777 1.
990 2744 1021 2789 24
1032 2735 1099 2777 note.

229 2812 248 2856 1.
261 2813 282 2855 i.
316 2806 444 2868 omnium]
460 2816 528 2857 nent.
541 2808 592 2857 ‘sor
603 2809 637 2857 all
648 2805 733 2856 cases.¹

147 2953 148 2957 Ἰ
228 2897 247 2941 1.
260 2898 283 2941 i.
316 2891 506 2952 titum-nunc]
539 2893 569 2941 C.
582 2891 934 2941 Marius-Gratidianus.

228 2976 247 3020 1.
265 2976 288 3020 9.
314 2971 418 3033 excute]
432 2970 503 3028 ‘sist,’
520 2972 647 3020 ‘examine
659 2970 673 3020 :’
687 2972 816 3035 metaphor
832 2971 894 3019 srom
909 2970 1016 3035 shaking
1030 2978 1074 3020 out
1090 2987 1105 3020 a
1119 2973 1180 3039 bag,
1195 2993 1241 3044 cp.

182 3036 413 3166 {pgpprpplp'pppym
424 3037 503 3086 evalue
514 3037 712 3101 intellegentiam,
726 3045 787 3086 orat.
801 3044 865 3100 part.
879 3038 951 3098 5124
965 3037 1108 3100 explicando
1124 3055 1199 3090 cxcu
1204 3046 1242 3093 ti·

231 3183 352 3244 [apenos]
368 3185 454 3232 imma
475 3186 503 3232 ot
525 3182 609 3243 notio]
643 3181 691 3232 See
710 3181 764 3230 crit.
782 3188 862 3231 notes.
896 3181 959 3232 Itis
979 3181 1124 3246 impossible
1145 3190 1173 3234 to
1193 3203 1246 3252 say.

183 3249 266 3297 which
284 3248 313 3296 of
330 3248 372 3297 the
394 3256 446 3297 two
465 3248 547 3296 words
568 3247 652 3311 species
669 3263 697 3296 or
707 3247 795 3309 forma
817 3248 838 3295 is
860 3255 887 3297 to
909 3248 941 3297 be
961 3247 1064 3310 ejected.
1099 3249 1174 3313 They
1194 3269 1242 3304 are

182 3314 245 3363 both
259 3313 320 3361 used
337 3329 364 3361 as
380 3313 533 3376 equivalents
549 3320 576 3361 to
593 3313 635 3362 the
653 3312 766 3361 Platonic
782 3314 842 3362 eidos
858 3329 886 3360 or
901 3314 964 3361 lita:
982 3313 1057 3361 Tusc-
1073 3324 1082 3360 1
1099 3315 1160 3375 558
1171 3320 1245 3379 quad

182 3387 273 3441 semper
283 3379 331 3426 tale
340 3378 379 3435 sit,
392 3378 464 3440 quale
474 3379 539 3425 ἰδέαν
551 3378 657 3442 appellat
668 3378 716 3437 ille,
731 3394 774 3426 nas
785 3378 911 3441 speciem,
923 3379 987 3440 Top.
1002 3380 1015 3436 5
1027 3393 1059 3441 30
1071 3378 1100 3425 in
1111 3379 1242 3434 de'visione

175 3446 276 3509 fhrmae
298 3449 366 3499 sunt,
388 3459 451 3507 quas
478 3443 566 3491 Graeci
591 3444 642 3499 cido
666 3449 761 3499 vocant,
785 3442 998 3505 nostri—species
1023 3444 1158 3506 appellant,
1185 3463 1240 3498 nan

101 3525 104 3530 ·
177 3510 280 3573 pessime
302 3507 331 3556 id
347 3508 449 3571 quidem,
469 3509 511 3556 scd
524 3508 652 3556 inutiliter
666 3508 702 3555 ad
718 3508 849 3555 mutandos
870 3522 939 3554 casus
958 3507 988 3554 in
1006 3507 1111 3556 dicenda.
1146 3511 1240 3562 ⁴fiscilini

182 3575 258 3630 enim,
271 3589 301 3622 nc
315 3573 338 3621 si
352 3573 442 3621 Latine
450 3573 530 3635 possit
543 3574 639 3637 quedem
654 3573 710 3630 dici,
730 3572 888 3635 specierum
908 3578 936 3619 et
953 3572 1095 3634 speciebus
1110 3573 1241 3638 dicere,—

183 3647 212 3688 at
212 3638 326 3703 formis
335 3645 358 3686 ct
360 3638 532 3701 sarmarum
544 3639 625 3693 velim,
638 3637 743 3700 Madvig
753 3651 837 3701 opusc.
850 3635 920 3684 acad.
933 3646 943 3683 1
955 3652 981 3700 p.
994 3650 1050 3700 337.

230 3722 248 3766 1.
264 3722 302 3765 10.
336 3719 407 3765 cadit
417 3715 457 3776 in]
473 3717 547 3766 ‘does
561 3717 580 3765 it
591 3716 648 3772 suit,
660 3716 704 3765 tall
715 3717 741 3764 in
755 3715 816 3765 with
831 3715 873 3764 the
884 3714 1011 3765 character
1025 3713 1082 3764 os?’
1115 3718 1129 3776 5
1148 3733 1179 3780 14
1195 3737 1241 3772 nec

177 3790 278 3848 praeter
292 3782 424 3844 sapientem
440 3782 541 3830 cadere
556 3782 584 3830 in
600 3797 748 3846 quemquam
758 3786 843 3845 potest,
862 3781 876 3839 5
895 3795 923 3844 17
941 3781 1007 3846 qnod
1020 3781 1048 3830 in
1064 3788 1177 3832 nostram
1196 3786 1238 3835 iri-

181 3848 342 3911 tcllegcntiam
353 3846 437 3896 cadit.

230 3927 521 3991 mentiri-criminari}
533 3943 561 3978 as
574 3926 619 3978 did
635 3927 712 3978 Caius
728 3925 823 3976 Marius
838 3924 864 3976 in
879 3925 919 3976 his
933 3927 1041 3978 conduct
1054 3928 1165 3978 towards
1180 3930 1236 3983 Me·
