2670 4296
112 208 209 268 van
225 203 275 286 34]
306 260 316 283 ‚
445 208 588 268 Societatis
603 208 713 284 gradus
725 209 831 283 plures
1127 226 1160 266 21

111 383 274 446 teneantur,
297 383 330 432 ut
347 382 392 433 est
413 373 605 434 constitutum
626 373 740 450 legibus
764 372 843 450 ipsis,
868 384 966 433 cetera
992 372 1035 433 sic
1062 374 1165 436 obser-

111 479 224 543 ventur,
239 468 316 529 utin
331 471 512 530 Graecorum
529 470 685 547 proverbio
707 480 771 544 est3
795 469 975 529 ‘amicorum
995 489 1060 531 esse
1080 490 1162 532 com·

113 564 216 625 munia
229 565 346 625 omnia'
389 567 533 628 Omnium
551 577 652 626 autem
669 565 841 626 communia
854 565 1010 626 hominum
1024 565 1164 628 videntur

114 680 150 721 ea
170 679 246 736 quae
266 672 335 721 sunt
355 662 468 739 generis
489 661 552 722 eius
573 663 656 739 quod
676 663 713 722 ab
736 661 833 721 Ennio
854 655 985 738 positum
1004 660 1035 722 in
1051 681 1163 724 unare

115 756 260 818 transferri
274 757 305 816 in
319 760 427 818 multas
440 768 559 835 potest:
904 747 906 751 ’
985 791 986 794 ¹
1194 785 1208 834 5

340 876 423 928 Homd
436 877 482 942 qur'
494 877 594 927 manti
606 877 705 929 cdmiter
719 877 841 930 monstrat
854 879 931 940 ariam,

340 957 412 1022 quasi
426 957 510 1006 lrimen
525 959 554 1006 de
568 974 611 1006 saco
626 958 722 1008 lamine
736 957 849 1007 accenddt
857 958 933 1022 facit.

341 1037 420 1088 nihile
435 1039 518 1088 minus
534 1039 582 1103 {asi
595 1038 665 1098 Idcet,
681 1055 737 1088 cum
754 1040 796 1089 illi
808 1037 947 1088 arctarent.

176 1145 249 1206 Una
274 1165 312 1207 ex
338 1164 369 1206 re
397 1144 466 1204 satis
493 1144 635 1221 praecipit
656 1155 698 1218 ut,
721 1130 869 1221 quidquid
896 1144 959 1204 sine
987 1141 1163 1204 detrimento

116 1242 300 1307 commodari
313 1241 413 1320 possit,
428 1241 461 1301 id
480 1241 624 1300 tribuatur
640 1243 687 1301 vel
708 1240 818 1318 ignoto.
862 1258 907 1318 5²·
944 1243 991 1301 Ex
1011 1259 1072 1317 quo
1093 1251 1162 1300 sunt
1178 1267 1208 1300 10

116 1341 167 1401 illa
179 1337 367 1411 communia;
391 1341 465 1397 ‘non
482 1337 638 1415 prohibere
658 1356 735 1413 aqua
758 1335 924 1414 profluenti,
952 1336 1014 1414 pati
1035 1337 1073 1396 ab
1095 1336 1163 1416 igne

116 1435 215 1514 ignem
235 1453 349 1511 capere,
364 1433 389 1494 si
409 1433 461 1510 qui
480 1433 560 1507 velit,
581 1433 738 1494 consilium
761 1434 849 1493 fidele
873 1432 1046 1493 deliberanti
1067 1434 1163 1496 dare'r

117 1551 194 1609 quae
208 1530 325 1590 sunt‘iis
344 1530 427 1589 utilia
447 1529 499 1607 qui
517 1529 674 1606 accipiunt,
689 1529 772 1589 danti
791 1549 852 1590 non
870 1531 1001 1589 molesta.
1045 1530 1114 1604 Qua
1131 1549 1163 1591 re

116 1639 147 1688 et
160 1627 206 1687 his
220 1628 365 1687 utendum
380 1637 424 1686 est
438 1637 467 1687 et
481 1646 598 1702 semper
611 1626 724 1703 aliquid
742 1628 782 1686 ad
797 1645 988 1686 communem
1006 1625 1163 1687 utilitatem

117 1725 307 1785 afferendum.
358 1723 419 1783 Sed
445 1722 586 1806 quoniam
613 1722 718 1800 copiae
744 1742 850 1801 parvae
875 1722 1057 1800 singulorum
1084 1733 1203 1796 sunt,15

117 1840 220 1882 eorum
247 1831 347 1880 autem
374 1818 425 1896 qui
452 1819 497 1878 his
521 1830 627 1896 egeant
650 1819 764 1879 infinita
784 1829 829 1879 est
852 1819 1020 1892 multitudo,
1037 1818 1162 1896 vulgaris

116 1916 274 1978 liberalitas
288 1916 440 1975 referenda
453 1927 497 1975 est
511 1917 551 1974 ad
564 1901 648 1975 illurn
663 1915 752 1976 Ennii
766 1917 857 1976 finem
871 1914 1092 1976 ‘Nihilominus
1105 1915 1162 1993 ipsi

117 2013 214 2089 lueet,'
228 2023 261 2072 ut
275 2014 397 2072 facultas
411 2012 448 2072 sit
463 2031 522 2089 qua
535 2011 566 2070 in
580 2023 695 2072 nostros
710 2011 801 2071 simus
815 2011 957 2072 liberales.

52 2118 102 2169 VII
142 2096 337 2214 semum-⁴
427 2125 473 2185 53.
517 2108 632 2168 Gradus
660 2120 760 2168 autem
786 2109 883 2185 plures
917 2119 986 2169 sunt
1013 2106 1160 2170 societatis

116 2222 332 2282 mtegrauagionsor
366 2205 529 2266 hominum
573 2207 617 2266 Ut
635 2204 715 2265 enim
736 2206 773 2265 ab
794 2204 844 2264 illa
857 2205 970 2265 infinita
984 2205 1159 2280 discedatur,
1174 2232 1204 2267 20

116 2273 329 2385 bbfflssiissiyssb
366 2302 484 2381 propior
510 2312 555 2362 est
581 2300 715 2362 eiusdem
742 2301 845 2379 gentis,
873 2300 1009 2375 nationis,
1034 2301 1159 2381 linguae,

117 2373 329 2474 iraaiiidaffabgkussssfiss
367 2421 428 2478 qua
454 2420 592 2462 maxume
616 2401 752 2461 homines
775 2401 1012 2481 coniunguntu13
1038 2401 1160 2463 interius

118 2473 222 2525 ΜΨ
366 2498 455 2558 etiam
476 2509 520 2558 est
534 2497 668 2559 eiusdem
689 2518 753 2559 esse
777 2498 910 2560 civitatis.
954 2501 1052 2560 Multa
1078 2499 1159 2562 enim

117 2608 187 2659 sunt
212 2597 325 2658 civibus
352 2596 427 2655 inter
454 2615 486 2655 se
512 2595 699 2656 communia:
730 2598 826 2655 forum
852 2599 928 2670 fana,
946 2596 1075 2674 porticus
1096 2596 1170 2669 viae,

115 2691 194 2773 leges
208 2693 277 2766 iura,
284 2692 392 2752 iudicia
405 2690 547 2768 suffragia,
562 2691 790 2752 consuetudines
804 2703 952 2770 praeterea
972 2703 1002 2753 et
1019 2692 1164 2752 familiari·
1174 2708 1203 2759 25

115 2802 192 2852 tates
212 2789 370 2866 multisque
389 2807 458 2861 cum
474 2787 572 2847 multis
586 2807 632 2847 res
646 2788 833 2865 rationesque
847 2800 1021 2850 contractae.
1064 2789 1163 2850 Artior

199 2947 205 2959 ,
259 2948 265 2959 ,
365 2903 435 2944 vero
453 2883 601 2961 colligatio
620 2894 665 2944 est
684 2884 831 2944 societatis
849 2885 1103 2962 propinquorum:
1123 2887 1162 2947 ab

116 2947 328 3058 Abibifmb'ssffli
366 2982 416 3041 illa
436 2981 516 3042 enim
536 2981 682 3042 immensa
702 2982 842 3043 societate
863 2982 986 3043 humani
1003 2983 1117 3061 generis
1130 2983 1161 3044 in

116 3048 329 3158 ‘’sbssnlffih'pfiq.
367 3077 505 3154 exiguum
521 3088 738 3155 angustumque
754 3078 948 3138 concluditur.
992 3094 1039 3155 54
1082 3080 1162 3138 Nam

105 3146 227 3189 'verument
239 3148 275 3188 the
288 3162 328 3188 on·
476 3174 483 3186 .
947 3174 954 3187 .
1041 3174 1047 3188 .

116 3198 329 3250 gnorpouucargo-
366 3193 436 3233 cum
460 3183 497 3232 srt
520 3174 578 3233 hoc
602 3185 706 3233 natura
726 3194 885 3235 commune
906 3187 1110 3250 animantium,
1129 3186 1162 3236 ut
1174 3191 1206 3240 30

116 3256 233 3290 ''mm“
367 3269 685 3330 habeantlubidinem
712 3269 894 3346 procreandi,
917 3270 1012 3348 prima
1037 3271 1162 3333 societas

118 3363 151 3426 in
171 3364 237 3443 ipso
260 3364 398 3443 coniugio
419 3377 473 3439 est,
494 3364 627 3442 proxima
647 3365 678 3425 in
698 3366 804 3440 liberis,
828 3366 938 3428 deinde
958 3387 1019 3427 una
1045 3368 1161 3442 domus,

170 3491 181 3526 r
199 3477 232 3526 sit
246 3476 406 3527 constitutum
424 3476 519 3540 legibus
535 3477 596 3541 ipsis
613 3478 655 3526 Ba
670 3483 728 3541 post
744 3477 918 3538 Grdr'elmium;
938 3477 971 3528 sit
988 3478 1161 3528 constitutum:

117 3573 133 3608 e
144 3556 232 3624 quibus
243 3557 302 3622 ipsis
312 3558 384 3620 vulga
398 3558 448 3607 Or:
457 3565 494 3607 est
500 3566 548 3621 pro
558 3558 590 3606 sit
600 3558 681 3606 Heine
691 3559 737 3607 Lu.
775 3562 785 3616 ΙΙ
821 3574 835 3620 3
847 3560 958 3607 omnium
969 3559 1009 3608 Zu
1019 3560 1068 3616 Ba,
1079 3558 1163 3608 omnia

119 3638 159 3688 Or
172 3639 203 3687 St
217 3653 274 3688 cum
288 3637 353 3688 codd.
380 3639 452 3686 Recte
467 3638 546 3686 Lund
558 3637 659 3686 ‘omnia
674 3638 699 3686 si
713 3637 843 3701 empsisse!
854 3639 942 3696 Cr'cero,
954 3654 1005 3688 non
1017 3639 1101 3701 primo
1115 3638 1163 3687 loco

110 3720 231 3788 praeiret
255 3719 298 3769 sed
313 3719 396 3782 potius
416 3725 536 3783 postremo
561 3718 712 3779 (eommunia
738 3725 821 3767 autem
844 3719 974 3768 hominum
997 3715 1104 3781 omnia)’
1150 3722 1160 3775 ΙΙ

117 3801 284 3868 ηιηηιιῐῐαε
294 3801 336 3851 Ba
347 3801 428 3851 Heius
436 3815 492 3849 cum
502 3801 596 3864 aliquot
605 3799 670 3849 codd.
706 3802 718 3857 l
752 3799 929 3865 9praecipitur
942 3800 980 3849 Or
1012 3803 1023 3858 l
1061 3813 1088 3850 11
1106 3814 1164 3866 pro·

116 3883 203 3935 fluenti
214 3883 301 3944 Heine,
317 3881 454 3948 profluente
465 3879 547 3944 vulgo.
