2670 4296
112 210 139 273 ,1
152 227 214 269 xiv
231 207 298 291 160]
452 213 644 272 Honestorum
660 211 836 289 'comparatio
1124 226 1162 288 57

94 375 331 478 ,ξζῧξξξζιᾶζξῇζζ
367 378 497 452 humani,
526 378 650 455 attingat
672 378 874 455 cognitionem
902 397 1007 451 rerum,
1034 378 1164 456 solivaga

117 475 214 577 ξοοζωξξ
226 479 332 572 didimi?
369 474 498 550 cognitio
512 485 543 535 et
556 474 655 535 ieiuna
664 474 804 544 videatur,
842 474 973 550 itemque
987 474 1162 551 magnitudo

118 579 236 622 morvient
368 571 467 645 animi,
486 583 600 632 remota
618 569 862 656 acommunitate
892 571 1162 650 coniunctioneque

118 659 256 737 humana,
275 665 373 726 feritas
394 667 431 727 sit
452 669 599 744 quaedam
620 679 650 729 et
670 666 845 728 immanitas.
889 668 937 726 Ita
956 669 989 726 fit
1009 678 1042 727 ut
1063 667 1184 729 vincat·

117 760 295 837 cognitionis
315 764 446 825 studium
466 766 647 827 consociatio
668 765 823 826 hominum
844 775 933 840 atque
952 765 1157 832 communitas
1191 786 1205 835 5

142 884 327 942 mmmm,
370 863 434 939 158.
478 865 543 922 Nec
563 883 664 923 verum
686 873 730 922 est
767 862 850 937 quod
872 860 980 920 dicitur
1003 880 1021 919 a
1044 860 1162 938 quibus·

116 940 329 1047 ξζῑῗζζξᾞῐὲξ
367 959 445 1031 dam,
464 969 585 1036 propter
601 960 808 1020 necessitatem
829 955 915 1029 vitae,
934 958 1015 1032 quod
1033 975 1161 1033 eaquae

117 1047 180 1090 ‘my‘
363 1065 468 1114 natura
498 1055 684 1127 desideraret,
703 1052 847 1130 consequi
877 1052 941 1112 sine
964 1051 1036 1128 valiis
1070 1064 1160 1130 atque

116 1143 232 1208 efficere
258 1168 320 1209 non
347 1171 510 1227 possemus,
541 1150 651 1212 idcirco
679 1150 783 1210 initam
805 1169 870 1210 esse
894 1169 963 1209 cuin
990 1149 1160 1211 hominibus

116 1245 358 1306 communitatem
380 1259 409 1308 et
429 1247 610 1308 societatem.
653 1246 770 1323 Quodsi
792 1245 892 1307 omnia
910 1245 997 1306 nobis
1020 1266 1097 1322 quae
1120 1250 1160 1309 ad
1175 1268 1205 1303 ιο

115 1337 225 1399 victum
249 1344 419 1420 cultumque
442 1344 599 1421 pertinent,
623 1343 708 1421 quasi
731 1343 844 1420 virgula
872 1341 981 1413 divina,
1010 1353 1044 1402 ut
1066 1343 1157 1417 aiunt,

116 1437 379 1513 suppeditarentur,
401 1451 465 1500 tum
486 1440 599 1518 optimo
624 1441 748 1516 quisque
775 1438 894 1515 ingenio
921 1438 1046 1514 negotiis
1068 1439 1161 1499 omni·
1195 1508 1197 1513 ¹

50 1525 53 1530 ’
115 1530 171 1592 bus
185 1533 300 1594 omissis
314 1546 410 1595 totum
425 1556 456 1596 se
470 1536 501 1595 in
515 1536 684 1613 cognitione
698 1547 728 1596 et
748 1534 871 1595 scientia
886 1536 1051 1595 collocaret.
1087 1538 1159 1596 Non

115 1640 160 1689 est
173 1629 221 1689 ita.
264 1633 343 1691 Nam
358 1644 387 1692 et
401 1633 591 1693 solitudinem
613 1636 725 1710 fugeret
746 1642 776 1692 et
797 1631 910 1691 socium
930 1630 1020 1691 studii
1038 1650 1157 1707 quaere·

113 1735 165 1799 ret,
189 1737 252 1786 tum
270 1729 377 1788 docere
410 1740 473 1788 tum
496 1729 608 1790 discere
630 1731 727 1801 vellet,
745 1739 809 1788 tuin
831 1728 932 1788 audire
963 1738 1027 1788 turn
1048 1728 1154 1789 dicere
1172 1744 1201 1796 15

114 1825 192 1903 Ergo
214 1844 303 1885 omne
323 1824 460 1899 officium,
483 1828 565 1902 quod
586 1828 624 1886 ad
645 1824 886 1886 coniunctionem
905 1824 1060 1884 hominum
1075 1835 1104 1884 et
1117 1826 1158 1885 ad

113 1924 286 1985 societatem
307 1925 450 1984 tuendam
464 1926 549 1997 valet,
565 1924 808 2000 anteponendum
829 1933 873 1982 est
894 1920 936 1980 illi
957 1922 1062 1992 officio,
1075 1923 1158 1998 quod

21 2017 99 2070 XLV
137 2034 184 2077 ‘ine
201 2035 325 2087 obligations
362 2019 530 2097 cognitione
559 2031 588 2080 et
611 2020 733 2080 scientia
755 2018 929 2080 continetur.
975 2037 1040 2096 159.
1076 2019 1156 2079 Illud

112 2085 206 2137 imposed
227 2086 256 2137 by
276 2087 325 2139 Jus·
423 2117 428 2128 .
748 2115 753 2126 .
1137 2116 1144 2128 .

112 2137 155 2178 tice
169 2136 277 2177 andrei„
315 2158 324 2168 -
361 2118 481 2176 forsitan
506 2118 709 2194 quaerendum
731 2127 776 2190 sit,
798 2135 871 2174 num
895 2116 969 2175 haec
993 2135 1156 2176 communi·

112 2200 165 2229 ²³⁰⁸
173 2199 269 2238 mmmm
285 2217 304 2248 ·.
360 2224 413 2286 tas,
434 2233 510 2290 quae
534 2213 662 2273 maxime
686 2224 730 2273 est
754 2224 824 2290 apta
846 2223 977 2285 naturae,
1006 2212 1043 2272 sit
1065 2213 1155 2273 etiam
1170 2234 1201 2270 ιο

112 2307 309 2369 moderationi
327 2310 550 2386 modestiaeque
565 2329 681 2386 semper
693 2311 909 2386 anteponenda
953 2311 1024 2369 Non
1037 2311 1145 2385 placet.

111 2407 185 2466 Sunt
203 2402 283 2466 enim
301 2407 445 2482 quaedam
465 2406 572 2482 partim
599 2405 640 2466 ita
666 2407 762 2478 foeda,
791 2405 900 2483 partim
934 2404 976 2465 ita
1002 2405 1153 2482 flagitiosa,

112 2510 145 2559 ut
161 2520 198 2560 ea
215 2520 253 2561 ne
269 2503 488 2562 conservandae
506 2502 627 2579 quidem
647 2503 758 2580 patriae
779 2522 868 2562 causa
888 2503 1005 2579 sapiens
1026 2504 1154 2564 facturus

111 2594 156 2656 sit.
200 2599 245 2656 Ea
259 2598 436 2658 Posidonius
457 2597 574 2675 collegit
594 2601 748 2675 permulta,
769 2600 822 2659 sed
836 2599 877 2658 ita
891 2609 982 2658 taetra
996 2600 1163 2675 quaedam,

111 2689 153 2754 ita
172 2694 309 2768 obscena,
330 2705 363 2754 ut
383 2694 465 2755 dictu
486 2714 605 2772 quoque
624 2695 780 2776 videantur
798 2694 902 2772 turpia.
958 2697 1046 2754 Haec
1067 2695 1154 2772 igitur
1166 2720 1196 2770 2⁵

111 2809 173 2849 non
187 2790 325 2868 suscipiet
338 2791 381 2852 rei
400 2791 536 2869 publicae
551 2812 652 2866 causa;
673 2811 711 2852 ne
724 2811 771 2851 res
784 2792 904 2868 publica
918 2789 1039 2867 quidem
1053 2812 1107 2868 pro
1121 2813 1154 2854 se

110 2887 219 2965 suscipi
239 2890 325 2948 volet.
368 2889 428 2948 Sed
448 2890 507 2948 hoc
527 2891 714 2949 commodius
735 2909 766 2949 se
786 2908 833 2948 res
855 2889 952 2959 habet,
982 2890 1063 2965 quod
1091 2910 1153 2953 non

108 2994 208 3059 potest
228 2983 361 3044 accidere
381 2995 506 3061 tempus,
527 2994 560 3043 ut
580 2983 692 3044 intersit
705 2983 748 3043 rei
760 2983 897 3060 publicae
918 2982 1077 3060 quicquam
1090 2984 1153 3046 illo-

109 3100 175 3140 rum
190 3082 285 3141 facere
299 3080 471 3158 sapientem.
518 3084 582 3139 160.
635 3083 731 3156 Quare
745 3082 803 3139 hoc
817 3079 939 3157 quidem
953 3082 1090 3140 effectum
1104 3081 1150 3157 sit,

108 3177 140 3240 in
155 3176 257 3239 officiis
272 3177 436 3254 deligendis
450 3177 482 3237 id
494 3196 587 3254 genus
601 3176 764 3236 officiorum
779 3176 929 3249 excellere,
950 3177 1033 3252 quod
1053 3188 1151 3238 tenea-
1163 3200 1196 3250 30

108 3286 156 3337 tur
175 3274 328 3337 hominum
350 3275 497 3335 societate.
541 3273 661 3334 Etenim
682 3272 883 3349 cognitionem
903 3274 1151 3354 prudentiamque

107 3385 246 3450 sequetur
259 3373 446 3434 considerata
465 3371 549 3431 actio.
577 3371 624 3431 lta
643 3372 676 3429 fit
697 3380 729 3429 ut
750 3389 836 3446 agere
856 3370 1040 3432 considerate
1060 3373 1151 3450 pluris

108 3470 147 3530 sit
166 3489 256 3547 quam
281 3471 410 3547 cogitare
429 3470 597 3545 prudenter.
639 3469 741 3543 Atque
761 3467 835 3526 haec
856 3466 978 3543 quidem
999 3469 1149 3530 hactenus.

107 3568 275 3627 Patefactus
288 3566 368 3625 enim
382 3567 465 3624 locus
476 3575 521 3623 est
534 3563 606 3640 ipse,
616 3573 650 3622 ut
663 3581 725 3621 non
740 3562 858 3622 difficile
867 3562 904 3623 sit
921 3563 952 3622 in
967 3564 1150 3641 exquirendo

105 3663 204 3724 officio
224 3664 296 3740 quid
316 3663 422 3740 cuique
443 3662 481 3722 sit
500 3661 745 3738 praeponendum
765 3658 874 3719 videre.
916 3661 955 3720 In
968 3658 1033 3736 ipsa
1050 3672 1150 3722 autem
1162 3677 1194 3728 35

153 3807 169 3856 3
185 3797 279 3842 remota
289 3807 305 3839 a
315 3789 492 3839 communitate
501 3790 544 3838 Ba
558 3789 640 3840 Haisa
653 3792 767 3856 Madvig,
780 3800 875 3843 remota
885 3795 1061 3845 communitate
1072 3797 1146 3861 vulp

106 3878 117 3934 ΙΙ
153 3888 185 3936 ⁹9
200 3871 314 3920 effectum
329 3877 368 3919 est
383 3871 471 3930 Halm,
483 3871 566 3921 Heim
600 3875 611 3932 l
647 3884 675 3933 31
695 3874 786 3924 etenim
805 3875 1146 3942 cognitionem-prudenter

102 3951 274 4018 interpolatori
283 3950 364 4001 deberi
373 3956 449 4000 censet
458 3951 540 4001 Heine
