2670 4296
44 1389 101 1440 XII

113 159 149 220 11
162 175 210 218 xri
225 154 276 238 42]
558 157 714 232 Degloreit
1113 168 1151 233 ts

112 322 302 402 aequabiliter
324 324 465 400 praedam
489 320 648 398 dispertiat,
671 331 721 380 aut
744 319 932 381 interficiatur
952 338 970 379 a
991 318 1078 380 sociis
1101 332 1154 383 aut

111 419 297 497 relinquatur.
341 416 528 493 Quinetiam
545 418 624 493 leges
641 418 788 476 latronum
803 435 868 476 esse
886 414 1030 489 dicuntur,
1046 414 1152 493 quibus

111 526 240 594 pareant,
257 534 332 591 quas
353 514 515 575 observent
559 512 665 588 Itaque
685 522 803 589 propter
822 511 1007 588 aequabilem
1026 513 1152 588 praedae

111 610 298 690 partitionem
318 620 349 670 et
370 607 504 670 Bardulis
525 606 642 685 Illyrius
662 609 744 681 latro,
760 608 873 684 dequo
893 618 937 667 est
957 609 1037 684 apud
1056 610 1152 669 Tbeo

111 726 266 785 pompum,
293 724 413 784 magnas
445 724 517 782 opes
544 703 647 764 habuit
673 715 703 763 et
730 705 824 763 multo
851 703 976 765 maiores
1003 703 1152 767 Viriathus
1180 719 1194 770 a

113 803 279 877 lauitanus,
300 801 349 863 cui
369 801 492 879 quidem
511 800 601 862 etiam
621 799 765 862 exercitus
789 799 881 861 nostri
904 800 1152 878 imperatoresque

112 910 272 974 cesserunt,
293 917 383 976 quem
399 899 433 959 C.
449 896 575 971 Laelius,
597 895 622 956 is
642 896 693 973 qui
713 895 835 973 Sapiens
855 908 1016 974 usurpatur,
1038 908 1153 975 praetor

110 994 198 1073 fregit
218 1005 248 1056 et
267 992 443 1055 comminuit
463 992 704 1069 ferocitatemque
722 992 785 1052 eius
806 992 847 1052 ita
864 992 1006 1070 repressit,
1021 1003 1055 1053 ut
1068 993 1152 1055 facile

114 1090 225 1157 bellum
245 1089 364 1167 reliquis
383 1089 518 1150 traderet
560 1089 638 1150 Cum
658 1086 745 1166 igitur
763 1098 845 1147 tanta
857 1087 900 1148 vis
918 1087 1043 1149 iustitiae
1060 1088 1105 1162 sit,
1120 1099 1153 1153 ut
1170 1160 1173 1165 ‚

114 1205 151 1251 ea
167 1185 256 1247 etiarn
273 1187 422 1246 latronum
440 1203 512 1261 opes
525 1185 621 1244 firmet
634 1195 722 1261 atque
736 1195 848 1261 augeat,
863 1195 1003 1261 quantam
1016 1184 1079 1245 eius
1092 1183 1152 1244 vim
1166 1202 1197 1238 10

113 1281 190 1345 inter
207 1283 286 1361 leges
304 1291 335 1343 et
352 1279 462 1341 iudicia
480 1290 510 1341 et
528 1279 559 1339 in
573 1279 731 1339 constituta
745 1299 775 1339 re
788 1278 906 1357 publica
919 1282 981 1340 fore
994 1284 1152 1356 putamus?
1229 1263 1241 1285 ’

364 1396 412 1450 41.
435 1374 512 1436 Mihi
533 1375 654 1453 quidem
678 1396 738 1435 non
762 1378 842 1452 apud
864 1377 972 1437 Medos
994 1379 1098 1450 solum,
1120 1388 1153 1439 ut

110 1456 325 1550 ‚fflfflffllssss
362 1473 403 1534 ait
424 1475 606 1546 Herodotus,
621 1475 675 1534 sed
693 1472 781 1535 etiam
797 1474 877 1550 apud
890 1471 1014 1533 maiores
1028 1484 1151 1547 nostros,

113 1557 264 1660 fflfflssioe
281 1559 324 1601 ²³⁴¹
360 1567 488 1629 iustitiae
522 1569 662 1630 fruendae
693 1587 783 1628 causa
807 1567 944 1629 videntur
973 1566 1045 1628 olim
1075 1569 1152 1630 bene

363 1661 468 1724 morati
482 1681 563 1740 reges
583 1660 744 1723 constituti.
787 1665 866 1721 Nam
886 1681 955 1721 cum
974 1673 1153 1740 premeretur
1166 1678 1193 1729 ¹5

112 1755 199 1836 inops
219 1756 378 1820 multitudo
399 1761 437 1820 ab
456 1759 499 1833 iis,
515 1759 567 1836 qui
587 1758 711 1819 maiores
732 1777 803 1835 opes
824 1758 980 1831 habebant,
1000 1758 1039 1816 ad
1059 1776 1152 1818 unum

112 1853 243 1930 aliquem
263 1853 472 1933 confugiebant
490 1855 595 1914 virtute
615 1864 821 1932 praestantem,
836 1852 887 1930 qui
905 1873 973 1912 cum
986 1852 1152 1931 prohiberet

113 1948 219 2011 iniuria
238 1951 395 2025 tenuiores,
410 1952 558 2030 aequitate
578 1951 786 2012 constituenda
805 1969 936 2010 summos
956 1969 1025 2009 cum
1045 1949 1152 2010 intimis

113 2046 176 2126 pari
202 2046 264 2108 iure
292 2046 442 2108 retinebat
487 2049 659 2125 Eademque
683 2045 954 2106 constituendarum
977 2047 1075 2123 legum
1098 2046 1152 2106 fuit

113 2160 203 2209 causa
229 2162 306 2220 quae
338 2163 447 2222 regum.
503 2164 550 2217 42.
587 2146 638 2203 Ius
668 2143 748 2204 enim
775 2162 891 2218 semper
916 2153 961 2204 est
988 2142 1151 2220 quaesitum
1166 2163 1196 2199 ιο

111 2239 287 2316 aequabile3
310 2259 407 2317 neque
428 2239 508 2301 enim
532 2240 614 2302 aliter
638 2252 714 2301 esset
736 2239 789 2300 ius.
831 2241 870 2300 Id
893 2239 918 2299 si
937 2240 974 2299 ab
995 2259 1055 2299 uno
1074 2239 1152 2301 iusto

112 2345 144 2396 et
171 2334 251 2396 bono
278 2334 340 2396 viro
367 2336 632 2413 consequebantur,
660 2346 742 2396 erant
774 2355 811 2396 eo
843 2335 992 2396 contenti:
1025 2355 1094 2395 cum
1121 2334 1152 2397 id

113 2429 211 2495 minus
234 2431 424 2508 contingeret,
449 2432 528 2509 leges
555 2443 623 2492 sunt
650 2431 795 2504 inventae,
817 2451 893 2508 quae
920 2451 991 2491 cum
1016 2432 1152 2499 omnibus

113 2543 229 2603 semper
246 2546 306 2586 una
322 2538 411 2603 atque
424 2529 530 2588 eadem
543 2548 617 2588 voce
631 2529 826 2604 loquerentur.
869 2531 946 2605 Ergo
960 2529 1018 2588 hoc
1031 2528 1152 2606 quidem

112 2622 300 2700 perspicuum
321 2635 373 2698 est,
388 2643 440 2685 eos
460 2626 500 2684 ad
520 2625 725 2702 imperandum
744 2625 832 2703 deligi
850 2625 958 2698 solitos,
975 2645 1100 2702 quorum
1114 2627 1152 2687 de
1164 2641 1195 2692 2⁵

113 2717 223 2779 iustitia
246 2739 351 2797 magna
378 2732 455 2782 esset
482 2721 583 2800 opinio
610 2722 811 2782 multitudinis.
854 2721 1004 2781 Adiuncto
1027 2740 1096 2781 vero
1120 2732 1153 2782 ut

112 2815 204 2877 iidem
232 2817 322 2878 etiam
341 2820 501 2895 prudentes
522 2820 706 2891 haberentur,
731 2818 803 2877 nihil
827 2829 888 2878 erat
913 2820 994 2894 quod
1017 2817 1152 2879 homines

113 2911 149 2975 iis
186 2913 355 2973 auctoribus
383 2934 444 2975 non
471 2934 558 2993 posse
586 2913 728 2991 consequi
751 2933 782 2973 se
807 2913 1017 2974 arbitrarentur.
1060 2912 1152 2974 Omni

113 3004 201 3085 igitur
221 3007 333 3068 ratione
353 3011 479 3070 colenda
499 3020 529 3071 et
549 3009 703 3070 retinenda
722 3008 831 3069 iustitia
852 3019 896 3069 est
927 3029 996 3069 cum
1017 3008 1080 3085 ipsa
1100 3028 1153 3085 per

113 3120 288 3163 sese-nam
309 3102 392 3164 aliter
411 3105 520 3166 iustitia
541 3126 602 3166 non
621 3116 802 3167 esset—tum
819 3115 938 3189 propter
954 3104 1152 3183 amplificatio
1164 3124 1197 3174 30

113 3215 184 3260 nem
198 3199 317 3259 honoris
331 3211 361 3260 et
374 3202 490 3278 gloriae.

140 3341 227 3395 mm,
251 3351 274 3385 to
298 3343 325 3385 b·
423 3300 483 3359 Sed
496 3309 528 3358 ut
541 3297 684 3376 pecuniae
698 3319 759 3358 non
773 3299 956 3376 quaerendae
970 3298 1066 3356 solum
1079 3294 1153 3357 ratio

115 3391 207 3444 eumue,
221 3402 329 3434 ¹²⁰⁵²¹⁹⁵¹
363 3405 416 3468 est,
439 3393 653 3455 verumetiam
676 3395 874 3466 collocandae,
898 3412 973 3469 quae
996 3402 1152 3469 perpetuos

114 3454 209 3484 camme
218 3444 271 3484 solid
283 3444 327 3484 and

114 3492 327 3596 ffffigfflffi
364 3501 498 3569 sumptus
518 3489 684 3566 suppeditet
711 3509 766 3549 nec
786 3491 882 3549 solum
902 3487 1079 3548 necessarios
1099 3487 1152 3547 sed

365 3587 454 3649 etiam
474 3585 608 3659 liberalis,
624 3585 665 3645 sic
684 3585 775 3662 gloria
793 3596 822 3644 et
836 3584 1003 3661 quaerenda
1019 3593 1049 3643 et
1064 3583 1153 3644 collo
1163 3599 1193 3652 35

161 3742 178 3788 4
194 3722 259 3777 latro
276 3724 328 3773 secl.
346 3725 386 3772 Ba
402 3722 483 3770 Heine
547 3724 557 3778 ll
628 3718 657 3768 16
679 3719 750 3784 inops
763 3735 819 3768 cum
831 3719 915 3768 detera.
932 3717 997 3767 codd.
1015 3718 1056 3767 Ba
1073 3716 1153 3767 Heine

114 3804 162 3866 Lu,
174 3806 202 3857 in
211 3805 264 3857 otio
274 3807 306 3856 St
313 3806 414 3857 Alanus
423 3819 479 3852 cum
489 3804 582 3868 alz'qrrot
589 3802 663 3865 codd,
676 3801 746 3850 initio
760 3802 797 3851 Or
805 3801 829 3852 Z
