2670 4296
214 272 253 335 68
608 269 657 326 De
674 268 856 327 benevolentia
1110 266 1201 349 [11v1
1219 290 1253 328 22

215 381 1256 393 αμα-*σῃ-

212 450 263 500 aut
285 437 507 498 benevolentiae
527 436 619 514 gratia
638 435 757 507 faciunt,
779 456 849 496 cum
863 435 961 514 aliqua
982 439 1020 498 de
1042 457 1131 498 causa
1151 458 1254 514 quem·

212 534 292 613 piam
306 533 440 612 diligunt,
455 545 506 593 aut
519 532 673 606 honoris,
689 532 713 591 si
727 533 812 592 cuius
825 533 963 594 virtutem
977 534 1140 611 suspiciunt
1152 554 1254 610 quem·

213 651 271 708 que
290 630 413 707 dignum
432 632 549 689 fortuna
568 648 658 705 quam
675 629 858 705 amplissima
875 641 989 706 putant,
1010 643 1061 690 aut
1079 631 1128 690 cui
1146 631 1255 692 fidem

213 726 323 786 habent
337 736 366 785 et
380 725 457 785 bene
471 724 558 784 rebus
573 724 632 784 suis
648 727 802 785 consulere
817 725 1002 800 arbitrantur,
1018 737 1069 786 aut
1083 726 1167 786 cuius
1182 747 1253 804 opes

213 833 383 895 metuunt,
407 832 459 881 aut
481 832 584 881 contra
605 839 624 880 a
647 820 755 898 quibus
777 819 890 899 aliquid
912 833 1109 899 expectant,
1131 834 1163 882 ut
1184 843 1253 882 cum
1283 852 1297 901 5

213 937 294 995 reges
313 919 507 995 popularesve
526 915 662 977 homines
682 916 851 994 largitiones
871 916 984 995 aliquas
1003 929 1181 995 proponunt,
1202 931 1252 979 aut

212 1026 362 1091 postremo
376 1013 491 1091 pretio
505 1032 545 1072 ac
559 1013 722 1072 mercede
737 1013 893 1087 ducuntur,
904 1034 979 1090 quae
993 1014 1195 1074 sordidissima
1208 1026 1252 1075 est

212 1110 261 1170 illa
269 1110 396 1187 quidem
410 1109 485 1168 ratio
499 1119 529 1168 et
543 1107 780 1184 inquinatissima
793 1121 823 1169 et
834 1109 877 1182 iis,
888 1110 939 1187 qui
953 1131 988 1170 ea
1002 1122 1145 1184 tenentur,
1153 1121 1182 1170 et
1195 1111 1259 1179 illis,

211 1206 263 1283 qui
289 1208 329 1266 ad
355 1225 422 1265 eam
449 1207 608 1280 confugere
635 1215 787 1264 conantur.
841 1225 886 1266 22.
931 1208 1011 1266 Male
1039 1207 1120 1266 enim
1147 1207 1178 1266 se
1205 1227 1251 1266 res

210 1306 299 1365 habet
318 1323 395 1376 cum,
419 1303 502 1379 quod
523 1302 629 1363 virtute
655 1302 732 1362 effici
754 1303 851 1375 debet,
880 1303 912 1362 id
934 1315 1092 1380 temptatur
1116 1304 1247 1381 pecunia
1268 1335 1296 1369 ro

211 1403 271 1464 Sed
289 1400 431 1479 quoniam
450 1419 512 1458 non
532 1396 695 1475 numquam
713 1400 770 1458 hoc
794 1398 959 1465 subsidium
980 1400 1177 1460 necessarium
1196 1413 1249 1473 est,

210 1519 301 1576 quem
316 1498 354 1557 ad
369 1497 493 1555 modum
508 1495 545 1554 sit
558 1495 704 1554 utendum
718 1514 754 1554 eo
770 1495 911 1569 dicemus,
931 1495 956 1555 si
969 1496 1048 1574 prius
1063 1497 1097 1556 iis
1112 1498 1150 1557 de
1164 1499 1258 1570 rebus,
1273 1504 1274 1507 ’

210 1616 286 1674 quae
300 1593 400 1655 virtuti
417 1591 568 1669 propiores
586 1587 833 1665 suntdixerimus.
877 1595 975 1668 Atque
994 1592 1083 1652 etiam
1102 1593 1250 1654 subiciunt

209 1715 241 1755 se
264 1691 399 1752 homines
423 1688 546 1766 imperio
569 1687 686 1748 alterius
714 1699 744 1747 et
768 1689 905 1765 potestati
930 1691 968 1749 de
992 1690 1087 1749 causis
1107 1690 1246 1767 pluribus.

210 1794 369 1850 Ducuntur
382 1786 462 1847 enim
477 1796 528 1844 aut
543 1783 750 1843 benevolentia
768 1796 797 1843 et
816 1784 1026 1844 beneficiorum
1046 1787 1248 1864 magnitudine
1265 1810 1292 1858 15

208 1900 258 1948 aut
274 1866 424 1963 dignitatis
439 1881 618 1960 praestantia
633 1892 746 1958 autspe
762 1881 817 1940 sibi
831 1881 863 1941 id
876 1882 947 1942 utile
961 1885 1092 1942 futurum
1105 1896 1156 1944 aut
1167 1897 1247 1945 metu

208 2004 246 2044 ne
270 1982 299 2043 vi
321 1999 422 2060 parere
448 1988 590 2055 cogantur
611 1984 662 2036 aut
683 1980 737 2063 spe‘
756 1968 915 2063 largitionis
935 1979 1145 2057 promissisque
1169 1968 1247 2058 capti

208 2094 258 2144 aut
266 2090 431 2159 postremo,
451 2088 484 2135 ut
500 2095 588 2152 saepe
603 2073 633 2133 in
649 2085 748 2133 nostra
761 2095 792 2134 re
811 2075 929 2151 publica
946 2076 1090 2151 videmus,
1111 2081 1246 2141 mercede

142 2176 194 2226 vn
234 2177 332 2220 Personat
350 2176 420 2218 Affec·
456 2174 605 2236 conducti.
664 2194 709 2250 23.
769 2175 912 2236 Omnium
940 2188 1039 2236 autem
1066 2197 1163 2238 rerum
1190 2199 1247 2240 nec

208 2230 252 2271 tion
261 2230 279 2269 is
288 2229 324 2269 the
333 2227 379 2268 best
388 2240 419 2267 se·

184 2305 185 2310 1
208 2280 283 2370 iiii‘eya
292 2278 419 2369 tqsessgffi
456 2272 551 2350 aptius
570 2282 615 2332 est
629 2271 790 2348 quicquam
810 2273 849 2331 ad
863 2291 934 2348 opes
949 2275 1073 2333 tuendas
1092 2294 1127 2335 ac
1147 2287 1247 2337 tenen·
1260 2304 1292 2338 20

207 2378 360 2470 iffitiiffi
377 2376 419 2466 “1¹23
456 2370 509 2428 das
537 2388 627 2444 quam
662 2369 743 2446 diligi
778 2389 834 2428 nec
868 2370 992 2430 alienius
1020 2393 1109 2449 quam
1140 2374 1243 2436 timeri

207 2480 284 2519 maxim
298 2478 327 2528 by
337 2476 418 2518 hrstort·
455 2464 607 2523 Praeclare
622 2464 702 2523 enim
717 2464 849 2524 Ennius:

206 2529 360 2580 calexamples.
573 2565 575 2569 ,

315 2609 390 2676 &dm
408 2618 518 2660 metuunt
532 2609 650 2660 ode‘runt:
671 2627 741 2675 quem
756 2611 855 2676 quisque
870 2610 925 2673 odit,
939 2614 1039 2676 perz'isse
1052 2615 1144 2678 e‘xpelit.

267 2744 431 2804 Multorum
445 2754 544 2803 autem
559 2742 634 2803 odiis
649 2744 744 2803 nullas
761 2763 832 2821 opes
848 2765 933 2821 posse
949 2746 1098 2822 obsistere,
1119 2748 1144 2809 si
1158 2761 1244 2812 antea

206 2842 260 2903 tuit
285 2840 428 2918 ignotum,
452 2860 546 2917 nuper
570 2851 613 2900 est
639 2840 798 2917 cognitum.
842 2845 908 2902 Nec
931 2864 1000 2904 vero
1022 2845 1109 2905 huius
1130 2849 1244 2922 tyranni
1257 2863 1287 2912 ²5

207 2940 311 3011 solum,
325 2947 414 3015 quem
428 2937 515 2996 armis
530 2957 668 3013 oppressa
682 2938 799 3014 pertulit
813 2937 913 2998 civitas
927 2951 1068 3018 paretque
1082 2961 1151 3000 cum
1166 2963 1244 3001 max-

206 3035 265 3096 ime
278 3047 404 3107 mortuo,
417 3033 549 3094 interitus
562 3035 690 3094 declarat
712 3047 856 3111 quantum
867 3037 969 3096 odium
980 3039 1135 3098 hominum
1148 3041 1244 3100 voleat

205 3135 245 3194 ad
258 3144 380 3210 pestem,
395 3133 449 3192 sed
463 3131 641 3207 reliquorum
661 3131 769 3192 similes
789 3133 884 3193 exitus
898 3146 1095 3211 tyrannorum,
1116 3157 1242 3214 quorum

206 3229 286 3288 haud
299 3230 359 3288 fere
379 3226 535 3303 quisquam
553 3228 642 3286 talem
664 3226 814 3287 interitum
832 3229 940 3306 effugit.
984 3233 1082 3292 Malus
1099 3232 1179 3292 enim
1198 3246 1242 3294 est

205 3335 304 3384 custos
318 3321 516 3383 diuturnitatis
527 3333 631 3394 metus,
644 3328 805 3401 contraque
819 3325 1025 3387 benevolentia
1038 3329 1132 3388 fidelis
1142 3333 1190 3391 vel
1204 3331 1242 3390 ad
1256 3347 1288 3393 30

205 3419 435 3496 perpetuitatem.
489 3437 533 3490 24.
586 3420 645 3478 Sed
665 3418 708 3489 iis,
721 3418 772 3495 qui
792 3419 821 3479 vi
841 3440 995 3496 oppressos
1017 3422 1140 3500 imperio
1164 3430 1243 3486 co'e'r-

204 3527 280 3599 cent,
293 3516 330 3576 sit
351 3534 420 3574 sane
442 3514 612 3573 adhibenda
632 3515 760 3590 saevitia,
782 3527 815 3575 ut
834 3517 889 3577 eris
906 3518 937 3577 in
958 3520 1092 3593 famulos
1114 3519 1139 3580 si
1159 3522 1243 3582 aliter

253 3691 281 3740 15
297 3685 339 3726 aut
354 3675 528 3725 beneficiorum
545 3679 648 3726 Orcum
662 3678 738 3735 coda,
757 3685 781 3727 et
795 3678 968 3730 beneficiorum
984 3684 1024 3730 Ba
1041 3685 1121 3733 Helm
1134 3687 1176 3736 Lu
1187 3697 1243 3752 post

201 3756 329 3805 Pearcium
379 3759 389 3814 11
442 3769 472 3814 23
492 3757 567 3806 odere
582 3773 637 3805 cum
655 3759 749 3823 aliquot
764 3760 828 3808 codd.
851 3762 888 3810 Or
937 3765 947 3818 ΙΙ
999 3762 1031 3812 26
1050 3774 1152 3829 apparet
1173 3771 1237 3818 codd.

200 3835 291 3962 alZim
310 3836 375 3886 unde
391 3837 513 3901 *Halmius
534 3853 567 3886 ac
589 3845 672 3901 paret
722 3843 733 3897 ll
785 3854 816 3904 29
834 3842 959 3891 tnteritnm
980 3843 1076 3907 [talem]
1102 3847 1139 3895 Or
1157 3856 1241 3897 cono-a

198 3928 224 3960 co
257 3947 264 3962 .
