2670 4296
12 579 107 634 XVIII

121 224 172 284 III
187 239 267 283 xvrtt
282 218 333 303 75]
374 225 424 283 Dc
441 223 610 282 contentione
630 223 757 283 Honesti
771 231 800 282 et
824 224 912 284 Utilis
1107 244 1162 287 tor

120 389 247 467 quisque
266 387 435 465 reperietur,
451 388 502 465 qui
515 388 680 466 inpunitate
695 400 725 450 et
744 389 931 468 ignoratione
951 390 1085 451 omnium
1098 410 1165 470 pro-

119 485 218 563 posita
230 485 379 545 abstinere
391 485 485 562 possit
499 484 622 546 iniuria?

431 598 477 657 73.
520 582 732 656 Periclitemur,
748 583 772 643 si
786 585 891 660 placet,
906 595 936 644 et
949 583 980 644 in
994 584 1029 646 iis
1043 584 1164 662 quidem

119 671 333 764 offlffiooegg}
348 657 521 754 'exemplis
545 677 577 737 in
605 678 711 755 quibus
738 680 853 756 peccari
880 682 983 758 volgus
1009 681 1168 741 hominum·

119 771 156 813 1²¹¹
188 772 333 862 3¹2³ssoess
370 776 491 835 fortasse
519 794 580 834 uon
606 785 697 851 putet
746 776 853 851 Neque
881 775 962 835 enim
990 777 1028 836 de
1055 775 1164 836 sicariis
1194 800 1211 858 ᾗ

119 872 334 963 ἓυώῗῆξῑὼῇῗξ
370 870 517 944 veneficis,
547 870 771 931 testamentariis
805 872 915 932 furibus
948 875 1164 949 peculatoribus

120 971 335 1072 gpffmgsnffiss
371 970 430 1030 hoc
451 970 519 1030 loco
541 969 744 1030 disserendum
762 981 815 1043 est,
835 970 886 1046 qui
902 990 964 1030 non
982 971 1078 1031 verbis
1096 983 1164 1032 sunt

120 1071 334 1173 ghssrffffissmi*
372 1077 403 1126 et
429 1065 628 1142 disputatione
655 1066 900 1142 philosophorum
927 1067 981 1126 sed
1003 1066 1107 1128 vinclis
1133 1079 1164 1129 et

122 1173 287 1273 rmffiaffi
299 1171 338 1263 tp}
371 1182 488 1223 carcere
507 1163 658 1240 fatigandi,
675 1165 728 1224 sed
748 1165 823 1224 haec
843 1164 1071 1238 consideremus,
1087 1184 1163 1242 quae

121 1271 216 1314 Desire
236 1273 265 1314 ot
283 1273 337 1314 uo·
373 1260 483 1320 faciunt
496 1259 517 1319 ii
530 1260 581 1337 qui
594 1261 740 1321 habentur
752 1260 830 1320 boni.
875 1263 907 1322 L
925 1261 1050 1322 Minucii
1065 1262 1162 1338 Basili,
1179 1288 1209 1323 ιο

120 1335 334 1432 ”mortemon
371 1357 524 1435 locupletis
539 1357 675 1430 hominis,
690 1359 796 1416 falsum
814 1369 1022 1418 testamentum
1043 1361 1163 1436 quidam

121 1423 337 1514 ffiitiffffiuaiii
371 1473 388 1514 e
407 1451 531 1514 Graecia
549 1454 679 1512 Romam
700 1454 865 1513 attulemnt
909 1455 1001 1530 Quod
1020 1475 1080 1532 quo
1096 1457 1164 1516 faci·

121 1533 146 1564 n.
169 1534 266 1564 criassus
290 1523 333 1564 and
383 1550 389 1561 .
508 1549 514 1560 .
699 1549 705 1560 .

119 1583 141 1621 ρ.
155 1584 332 1614 nomnsrusa-
370 1553 426 1610 hus
454 1550 628 1622 obtinerent,
651 1560 828 1625 scnpserunt
848 1551 972 1611 heredes
993 1572 1094 1612 secum
1118 1555 1160 1614 M.

119 1621 171 1663 bout
180 1623 215 1663 the
224 1623 266 1664 will
276 1623 300 1663 ot'
311 1635 332 1663 t..
784 1646 790 1657 ·
948 1649 954 1660 .
1050 1650 1056 1662 .

118 1682 331 1715 uruuctusttnstuus.
372 1649 509 1708 Crassum
534 1657 564 1707 θῒ
586 1647 622 1722 Q
649 1649 852 1721 Hortensium,
873 1649 1009 1710 hommes
1030 1653 1162 1711 elusdem

369 1743 472 1802 aetatis
485 1741 718 1818 potentissimos:
740 1742 791 1819 qui
811 1763 879 1803 cum
892 1743 967 1803 illud
980 1746 1085 1806 falsum
1098 1766 1162 1807 esse
1178 1759 1207 1810 15

119 1838 342 1917 suspicarentur,
365 1840 420 1900 sibi
440 1852 538 1900 autem
560 1840 668 1900 nullius
689 1851 788 1900 essent
808 1840 920 1900 conscii
940 1843 1054 1919 culpae,
1075 1843 1162 1903 alleni

119 1937 256 1997 facinoris
279 1939 485 1996 munusculum
509 1956 569 1996 non
592 1936 826 2013 repudiaverunt
878 1936 960 2013 Quid
981 1942 1066 2017 ergo?
1087 1939 1163 2000 satin

119 2046 166 2096 est
185 2036 252 2107 hoc,
272 2046 304 2093 ut
320 2053 381 2094 non
395 2033 553 2110 deliquisse
567 2033 738 2093 videantur?
772 2033 850 2094 Mihi
864 2035 986 2111 quidem
1006 2055 1068 2096 non
1083 2036 1163 2098 vide·

119 2143 176 2205 tur,
197 2151 377 2209 quamquam
395 2131 636 2207 alterumnivum
657 2132 761 2206 amavi,
782 2135 905 2193 alterum
928 2154 988 2193 non
1013 2135 1063 2194 odi
1087 2154 1163 2196 mor·

120 2239 211 2288 tuum
260 2245 305 2304 74
348 2228 408 2288 Sed
428 2248 496 2288 cum
518 2228 632 2308 Basilus
654 2230 697 2287 Μ.
720 2228 846 2288 Satrium
871 2230 976 2290 sororis
997 2230 1089 2290 filium
1109 2249 1161 2292 uo·
1175 2253 1207 2290 πο

119 2344 189 2386 men
216 2345 301 2385 suum
328 2327 402 2385 terre
427 2325 566 2386 voluisset
599 2344 727 2402 eumque
761 2326 877 2387 fecisset
903 2328 1163 2388 heredem—hunc

119 2421 188 2483 dico
207 2434 365 2499 patronum
384 2421 444 2500 agri
463 2421 565 2482 Piceni
583 2433 613 2482 et
632 2422 742 2495 Sabini,
761 2441 780 2482 ο
798 2433 914 2500 turpem
930 2435 1032 2484 notam
1050 2434 1163 2502 tempo

117 2522 245 2592 ruml-,
276 2537 338 2578 non
366 2530 427 2578 erat
454 2537 582 2595 aequum
608 2518 755 2595 principes
782 2518 861 2579 cives
887 2539 950 2579 rem
977 2521 1094 2595 habere,
1122 2522 1162 2582 ad

118 2617 244 2680 Satrium
271 2616 344 2676 nihil
372 2629 487 2694 praeter
513 2637 623 2678 nomen
650 2617 809 2694 pervenire.
860 2619 978 2678 Etenim
1005 2619 1030 2679 si
1053 2619 1086 2694 is,
1110 2620 1161 2697 qui

369 2736 430 2776 non
458 2716 592 2777 defendit
618 2716 754 2776 iniuriam
781 2736 878 2795 neque
905 2719 1064 2794 propulsat,
1092 2737 1160 2777 curn
1173 2745 1205 2796 ²5

117 2791 196 2892 unffi
212 2805 332 2883 ῗξξῃωῖὴῖ
369 2823 475 2889 potest,
490 2812 597 2872 iniuste
617 2811 695 2886 facit,
714 2822 747 2871 ut
767 2811 798 2871 in
818 2812 913 2889 primo
932 2813 1008 2874 libro
1028 2814 1160 2889 disserui,

117 2892 332 2992 ffifffl‘yoss
369 2908 464 2984 qualis
497 2907 652 2968 habendus
679 2918 723 2967 est
750 2906 783 2980 is,
812 2906 947 2984 quinon
974 2909 1066 2968 modo
1100 2928 1161 2969 non

117 2993 335 3102 ffll'gffissffieffg
368 3004 491 3081 repellit,
519 3005 574 3065 sed
601 3003 690 3065 etiam
718 3003 837 3065 adiuvat
870 3003 1029 3066 iniuriam?
1084 3003 1162 3067 Mihi

117 3092 333 3193 fflg'ffisslslgfg
370 3102 491 3178 quidem
512 3100 601 3162 etiam
624 3120 710 3162 verae
731 3100 908 3161 hereditates
934 3120 996 3161 non
1019 3103 1161 3164 honestae

117 3192 213 3285 fflljnig
221 3193 257 3234 ²¹²0
267 3192 333 3244 ‘³¹¹2'
368 3193 513 3265 videntur,
529 3192 554 3252 si
571 3203 640 3252 sunt
660 3191 812 3251 malitiosis
825 3190 983 3266 blanditiis,
998 3194 1160 3254 officiorum
1174 3219 1206 3272 ³⁰

369 3308 429 3350 non
447 3288 577 3361 veritate,
591 3288 645 3348 sed
663 3287 849 3349 simulatione
869 3289 1027 3366 quaesitae.
1067 3290 1162 3368 Atqui

117 3382 150 3448 iu
173 3385 279 3446 talibus
305 3386 393 3448 rebus
417 3385 498 3446 aliud
520 3383 592 3445 utile
612 3384 768 3458 interdum,
791 3385 872 3445 aliud
891 3386 1049 3447 honestum
1068 3386 1162 3448 videri

118 3484 202 3543 solet
246 3501 260 3560 7
266 3498 291 3560 5.
325 3485 425 3558 Fals0;
454 3501 524 3543 nam
547 3482 654 3542 eadem
677 3481 809 3542 utilitatis
833 3501 908 3559 quae
935 3484 1096 3546 honestatis
1116 3496 1161 3547 est

169 3670 200 3704 aa
227 3669 244 3704 ο
261 3660 358 3718 turpem
377 3658 462 3703 notam
480 3657 621 3716 temporum
643 3666 736 3702 nomen
757 3650 856 3700 illorum
874 3650 937 3701 codd.
941 3666 955 3712 ,·
976 3651 1049 3702 verba
1069 3668 1160 3705 nomen

118 3732 217 3784 illorum
227 3734 272 3783 dot.
284 3735 366 3784 Heine
375 3734 478 3798 Luport
494 3732 624 3782 Victoriam
671 3735 681 3788 ΙΙ
718 3745 748 3795 ²3
771 3747 822 3780 uon
832 3747 863 3780 ex
871 3732 936 3781 codd.
948 3732 990 3781 Ba
1000 3733 1036 3792 St,
1051 3749 1111 3784 num
1126 3737 1163 3788 Or

117 3813 156 3864 Be
190 3817 200 3871 ΙΙ
237 3829 266 3876 25
284 3814 438 3878 propulsata
452 3812 502 3862 suis
513 3811 545 3861 St
554 3826 610 3861 mm
624 3810 700 3872 codd,
717 3811 794 3862 esuis
804 3826 852 3861 om.
866 3811 953 3862 OoBa
964 3812 1161 3866 nanctum

116 3894 226 3944 unacort.
240 3895 316 3945 Bern.
328 3895 354 3943 ot.
