2670 4296
180 220 195 280 Ι
210 238 231 280 x
248 217 299 301 ³2]
499 221 665 297 Temporum
685 219 814 278 habenda
833 219 910 277 ratio
1188 232 1223 290 13

177 379 273 438 altero·
292 377 486 453 delinquunt3
514 375 649 436 discendi
672 375 751 435 enim
777 375 875 435 studio
898 372 1033 450 impediti
1055 391 1130 448 quos
1151 371 1226 432 tueri

178 475 289 535 debent
303 475 449 534 deserunt
493 474 600 549 Itaque
620 491 672 532 eos
692 491 731 531 ne
752 473 792 531 ad
804 491 866 531 rem
880 469 1029 547 publicam
1044 468 1166 545 quidem
1179 487 1227 527 ac·

178 589 312 630 cessuros
332 557 420 647 putat¹
435 569 491 629 nisi
512 581 639 629 coactos.
681 569 815 645 Aequius
836 580 936 628 autem
954 578 1015 628 erat
1029 567 1060 626 id
1073 568 1226 627 voluntate

178 665 248 727 fieri.
292 669 371 726 Nam
394 667 453 726 hoc
474 666 571 744 ipsum
593 665 634 725 ita
655 665 765 725 iustum
787 676 840 738 est,
863 666 946 741 quod
969 675 1049 723 recte
1072 664 1114 736 fit,
1136 662 1160 722 si
1181 672 1226 723 est

178 762 382 823 voluntarium.
441 783 485 838 29.
528 764 602 822 Sunt
629 761 718 821 etiam
746 760 797 837 qui
823 772 875 820 aut
896 759 994 820 studio
1015 758 1057 818 rei
1077 758 1225 818 familiaris
1255 775 1269 825 5

178 859 308 918 tuendae
325 869 376 917 aut
393 858 464 918 odio
482 859 613 934 quodam
634 857 788 917 hominum
809 877 894 917 suum
916 876 948 915 se
968 855 1119 933 negotium
1139 875 1225 932 agere
1297 847 1308 867 '

178 955 280 1014 dicant
306 973 363 1014 nec
389 955 485 1014 facere
513 954 651 1029 cuiquam
679 953 833 1013 videantur
860 953 1013 1012 iniuriam:
1048 950 1100 1028 qui
1132 953 1225 1012 altero

177 1061 284 1128 'genere
298 1049 455 1110 iniustitiae
468 1062 582 1123 vacant,
599 1050 629 1108 in
643 1050 767 1109 alterurn
782 1050 938 1113 incurrunt
973 1051 1132 1108 Deserunt
1145 1048 1225 1108 enim

178 1148 255 1208 vitae
269 1147 448 1220 societatem,
461 1146 530 1227 quia
543 1146 616 1204 nihil
630 1143 784 1205 conferunt
795 1145 826 1204 in
837 1165 903 1205 eam
917 1143 1016 1217 studii,
1026 1143 1099 1202 nihil
1108 1163 1223 1220 operae,

178 1243 252 1303 nihil
266 1245 447 1303 facultatum.
1193 1232 1195 1236 ’
1240 1271 1270 1306 10

240 1340 390 1415 Quoniam
410 1339 496 1417 igitur
516 1340 631 1400 duobus
652 1338 808 1416 generibus
825 1337 982 1397 iniustitiae
1001 1336 1158 1415 propositis
1174 1338 1225 1396 ad·

178 1436 327 1498 iunximus
341 1457 444 1496 causas
458 1436 609 1512 utriusque
623 1435 737 1513 generis
751 1454 860 1510 easque
874 1454 919 1494 res
938 1445 1006 1494 ante
1020 1433 1225 1494 constituimus

180 1534 286 1611 quibus
300 1533 410 1593 iustitia
423 1532 629 1605 contineretur,
645 1531 729 1591 facile
744 1532 826 1607 quod
840 1531 981 1606 cuiusque
1002 1529 1142 1606 temporis
1161 1531 1225 1589 offi-

178 1631 258 1692 cium
273 1630 309 1690 sit
323 1629 492 1705 poterimus,
508 1629 564 1688 nisi
578 1639 695 1688 nosmet
709 1627 788 1703 ipsos
802 1628 888 1686 valde
903 1627 1076 1699 amabimus,
1086 1625 1222 1685 iudicare.

180 1736 227 1792 30.
251 1719 303 1777 Est
314 1715 393 1775 enim
404 1715 529 1775 difficilis
539 1734 713 1775 cumrerum
723 1713 889 1774 alienarum.
913 1714 1102 1788 Quamquam
1111 1717 1219 1776 Teren·
1245 1741 1272 1788 ¹5

107 1852 109 1856 -
181 1807 278 1868 tianus
291 1808 340 1867 ille
353 1806 496 1871 Chremes
514 1807 645 1867 ‘humani
659 1807 732 1866 nihil
745 1827 763 1866 a
777 1828 809 1868 se
822 1808 951 1868 alienum
965 1813 1066 1886 putat!
1104 1810 1161 1868 Sed
1176 1819 1218 1868 ta·

180 1919 258 1972 men,
274 1898 344 1976 quia
357 1899 449 1977 magis
463 1919 498 1960 ea
508 1899 685 1976 percipimus
700 1913 788 1976 atque
803 1900 953 1973 sentimus,
965 1921 1040 1976 quae
1055 1900 1225 1978 nobisipsis
1257 1913 1263 1923 ·

179 2009 230 2058 aut
243 2016 382 2075 prospera
395 2009 445 2056 aut
459 1999 581 2057 adversa
594 1998 740 2070 eveniunt,
756 2018 845 2074 quam
859 1999 917 2071 illa,
932 2019 1008 2076 quae
1022 1999 1134 2072 ceteris,
1149 2018 1225 2075 quae

192 2116 391 2200 hemum&
428 2093 512 2169 quasi
530 2095 619 2171 longo
640 2093 792 2154 intervallo
813 2094 965 2155 interiecto
985 2095 1128 2167 videmus,
1143 2095 1226 2156 aliter

180 2208 394 2269 rorsvonngaun·
432 2191 470 2250 de
484 2189 540 2249 illis
556 2210 591 2250 ac
608 2192 646 2250 de
665 2191 751 2250 nobis
770 2191 942 2251 iudicamus.
986 2193 1132 2266 Quocirca
1147 2194 1224 2253 bene
1239 2228 1270 2263 20

179 2271 281 2310 'm'
427 2288 610 2365 praecipiunt
635 2289 686 2366 qui
712 2301 812 2350 vetant
840 2291 999 2367 quicquam
1026 2311 1120 2369 agere,
1143 2293 1225 2368 quod

179 2384 297 2445 dubites
311 2403 440 2460 acquum
459 2383 495 2443 sit
513 2404 552 2443 an
570 2384 725 2461 iniquum:
746 2386 880 2462 aequitas
899 2387 979 2446 enim
996 2389 1074 2447 lucet
1090 2387 1154 2464 ipsa
1173 2407 1226 2465 per

179 2501 222 2550 se,
252 2481 398 2543 dubitatio
412 2481 622 2559 cogitationem
636 2482 779 2560 significat
792 2483 922 2544 iniuriae.

135 2611 161 2662 X
205 2613 253 2654 rue
280 2611 349 2654 dm„
369 2611 395 2653 ος
489 2598 536 2654 31.
558 2580 618 2639 Sed
626 2579 761 2640 incidunt
769 2600 856 2657 saepe
865 2592 1006 2658 tempora,
1017 2601 1087 2641 cum
1095 2601 1139 2657 ea,
1149 2602 1225 2660 quae

179 2662 391 2763 {ffififfiffl
429 2673 557 2738 maxime
571 2674 708 2735 videntur
722 2677 811 2754 digna
825 2697 889 2738 csse
903 2678 980 2738 iusto
994 2679 1115 2739 homine
1129 2699 1224 2756 coque
1237 2713 1250 2747 2
1254 2710 1268 2761 5

179 2775 270 2806 ’Μ’
429 2792 518 2848 quem
532 2772 627 2833 virum
638 2775 752 2834 bonum
766 2775 899 2849 dicimus,
912 2786 1129 2835 commutantur
1141 2777 1225 2836 fiunt-

179 2887 238 2945 que
249 2867 400 2941 contraria,
412 2878 445 2927 ut
458 2869 580 2928 reddere
594 2870 770 2946 depositum,
785 2874 880 2931 facere
890 2871 1075 2947 promissum,
1090 2891 1225 2948 quaeque
1279 2897 1281 2903 ·

179 2963 326 3040 pertinent
339 2965 378 3023 ad
391 2962 543 3023 veritatem
557 2976 586 3023 et
600 2966 639 3024 ad
652 2966 751 3039 fidem,
766 2986 802 3026 ea
818 2967 940 3044 migrare
958 2967 1106 3027 interdurn
1120 2979 1150 3028 ct
1163 2988 1224 3029 non

179 3079 293 3121 servare
307 3061 340 3118 fit
353 3059 469 3118 iustum.
492 3059 607 3119 Referri
614 3060 694 3120 enim
708 3063 795 3122 decet
803 3064 842 3122 ad
855 3083 891 3123 ea
901 3082 977 3139 quae
985 3063 1071 3139 posui
1081 3063 1224 3141 principio

179 3156 372 3216 fundamenta
391 3154 536 3216 iustitiae:
564 3155 692 3232 primum
713 3169 745 3218 ut
765 3178 804 3218 ne
824 3158 872 3218 cui
892 3171 1040 3232 noceatur,
1062 3159 1171 3221 deinde
1191 3173 1224 3221 ut
1237 3194 1268 3244 3⁰

178 3251 331 3315 communi
351 3251 469 3313 utilitati
490 3252 636 3313 serviatur.
680 3256 726 3314 Ea
749 3274 818 3315 cum
841 3267 974 3333 ternpore
995 3268 1222 3332 commutantur,

179 3359 377 3409 commutatur
390 3349 519 3408 officium
532 3360 563 3410 et
576 3370 637 3410 non
648 3370 765 3429 semper
778 3364 823 3412 est
837 3353 925 3413 idem.
959 3373 1004 3429 32.
1029 3357 1130 3414 Potest
1143 3355 1222 3415 enim

351 3515 357 3526 .
425 3445 559 3506 accidere
582 3448 760 3524 promissum
780 3449 902 3526 aliquod
922 3460 952 3510 et
979 3463 1168 3524 conventum,
1190 3463 1222 3511 ut

178 3514 392 3608 „ffitssffffi
429 3541 461 3603 id
480 3542 557 3604 effici
577 3543 614 3604 sit
630 3543 733 3605 inutile
749 3546 796 3605 vel
816 3544 844 3604 ei
861 3545 909 3604 cui
925 3545 1102 3622 promissum
1115 3545 1160 3620 sit,
1176 3549 1222 3606 vel

178 3615 392 3716 ffldfffl}
428 3640 455 3700 ei
483 3638 534 3723 qui
555 3639 728 3717 promiserit
770 3642 851 3700 Nam
875 3640 908 3714 si,
933 3653 966 3701 ut
988 3641 1019 3701 in
1041 3642 1146 3702 fabulis
1168 3655 1219 3716 est,
1239 3674 1266 3721 35

177 3716 391 3808 ffieiiffiuffl}
429 3740 587 3814 Neptunus
601 3738 683 3814 quod
696 3737 815 3800 Theseo
828 3737 1001 3815 promiserat
1017 3758 1078 3798 non
1097 3738 1220 3813 fecisset,

178 3877 310 3927 adebeant
325 3879 362 3929 or
401 3884 411 3938 Ι]
454 3879 607 3944 qnesacere
621 3879 658 3928 Or
675 3879 747 3946 arrigo
782 3884 792 3938 ΙΙ
831 3895 857 3929 rr
878 3880 985 3943 Quando
997 3881 1077 3929 Iler'ne
1087 3897 1141 3928 mm
1153 3853 1217 3928 codd
