2670 4296
105 192 141 251 ἸΙ
154 209 208 251 xvr
224 189 275 271 57]
484 211 557 269 quae
567 193 687 268 pecunia
698 194 760 269 fiat
1040 158 1042 164 Α
1110 192 1147 261 δι

103 390 139 432 0„
162 390 226 432 sm
236 405 317 434 women
355 373 445 430 quem
460 355 497 415 de
512 353 620 414 divitiis
634 353 756 430 scripsit,
769 353 871 432 inquo
885 357 979 414 multa
992 356 1147 431 praeclare,

103 455 132 483 ⁸¹¹
154 441 254 483 “hum
355 450 430 511 illud
456 452 599 512 absurde:
626 462 671 511 est
698 451 778 511 enim
806 452 916 533 multus
943 451 974 511 in
1001 452 1149 513 laudanda

102 541 320 619 magnificentia
336 554 366 604 et
386 543 579 621 apparatione
600 543 789 621 popularium
808 563 966 604 munerum
986 544 1147 621 taliumque

104 648 275 714 sumptuum
296 640 467 698 facultatem
485 641 614 698 fructum
633 639 801 700 divitiarum
820 650 913 716 putat.
957 640 1035 699 Mihi
1049 651 1147 701 autem

104 732 154 794 ille
180 737 290 795 fructus
317 735 506 809 liberalitatis,
536 735 620 795 cuius
648 755 743 816 pauca
770 738 904 814 exempla
930 735 1025 814 posui,
1055 739 1148 797 multo
1178 760 1191 808 5

106 840 137 891 et
166 830 260 890 maior
292 831 408 892 videtur
441 842 471 892 et
502 831 615 891 certior.
672 832 793 906 Quanto
827 832 1000 895 Aristoteles
1034 833 1148 910 gravius

105 937 136 986 et
162 927 258 988 verius
290 948 345 988 nos
374 927 570 1005 reprehendit,
601 925 653 1004 qui
684 928 737 988 has
769 928 961 1005 pecuniarum
985 930 1148 990 effusiones
1195 1010 1197 1014 Ι

105 1043 166 1085 non
193 1024 379 1099 admiremur,
409 1045 485 1102 quae
517 1027 592 1086 fiunt
616 1025 655 1086 ad
682 1025 903 1086 multitudinem
920 1026 1146 1098 ,deleniendam

105 1120 156 1180 Ait
169 1120 258 1194 enim,
279 1121 330 1197 qui
348 1122 385 1181 ab
406 1123 491 1182 hoste
513 1121 693 1194 obsidentur,
717 1121 741 1181 si
760 1141 858 1182 emere
877 1141 971 1200 aquae
990 1123 1146 1183 sextarium

105 1229 278 1296 cogerentur
303 1219 392 1293 mina,
414 1220 473 1280 hoc
493 1219 589 1296 primo
614 1219 786 1281 incredibile
808 1219 893 1280 nobis
917 1220 1010 1281 videri
1034 1240 1146 1290 omnes·
1162 1243 1191 1276 10

78 1304 165 1391 --leue
186 1315 290 1386 mirari,
313 1317 367 1376 sed
385 1336 454 1376 cum
472 1315 659 1390 attenderint,
684 1317 802 1377 veniam
824 1318 990 1379 necessitati
1011 1320 1095 1395 dare3
1116 1318 1147 1384 in

106 1409 152 1480 his
169 1409 335 1471 inmanibus
353 1411 471 1471 iacturis
488 1411 670 1489 infinitisque
690 1412 855 1490 sumptibus
874 1413 947 1472 nihil
965 1433 1020 1474 nos
1039 1433 1146 1491 magno

107 1526 195 1594 opere
209 1509 314 1582 mirari,
330 1530 399 1570 cum
412 1510 583 1588 praesertim
598 1530 695 1588 neque
710 1510 876 1571 necessitati
890 1511 1078 1573 subveniatur
1091 1532 1147 1572 nec

107 1607 233 1685 dignitas
247 1620 386 1686 augeatur
404 1609 528 1686 ipsaque
547 1609 597 1669 illa
616 1609 773 1670 delectatio
792 1609 988 1670 multitudinis
1007 1611 1046 1669 ad
1059 1610 1146 1669 breve
1238 1664 1240 1669 .

106 1703 305 1782 exiguumque
325 1717 442 1784 tempus
466 1706 599 1785 capiatur
622 1726 717 1783 eaque
736 1726 754 1766 a
771 1705 930 1767 levissumo
953 1726 1073 1784 quoque
1083 1728 1092 1780 ;
1115 1707 1145 1766 in
1163 1721 1185 1770 ¹5
1235 1711 1238 1718 '

108 1818 169 1875 quo
186 1810 287 1860 tamen
305 1800 370 1879 ipso
389 1822 537 1863 unacum
556 1802 689 1864 satietate
710 1804 853 1864 memoria
867 1824 987 1881 quoque
1006 1804 1147 1864 moriatur

106 1897 272 1975 voluptatis.
326 1917 371 1977 57.
403 1903 486 1962 Bene
506 1900 596 1961 etiam
624 1901 735 1979 colligit
760 1903 845 1962 ‘haec
864 1902 962 1980 pueris
982 1913 1013 1963 et
1033 1903 1148 1962 mulier·

106 1994 180 2054 culis
200 2006 230 2054 et
250 1995 339 2056 servis
360 2008 390 2058 et
411 2017 560 2058 servorum
580 1997 735 2057 simillimis
755 1997 852 2058 liberis
873 2017 938 2059 esse
958 2009 1046 2076 grata,
1067 1998 1146 2076 gravi

107 2080 178 2151 ¹uero
199 2091 314 2152 homini
334 2103 364 2153 et
384 2113 421 2154 ea
441 2113 517 2171 quae
539 2096 614 2154 fiunt
637 2093 748 2154 iudicio
770 2105 851 2155 certo
878 2095 1055 2172 ponderanti
1082 2115 1147 2173 pro·

107 2186 170 2247 bari
196 2207 283 2264 posse
310 2191 393 2250 nullo
422 2191 532 2251 modo’
587 2192 777 2268 Quamquam
811 2189 950 2268 intellego
982 2190 1014 2250 in
1047 2203 1146 2268 nostra
1161 2206 1189 2242 ²0

133 2347 139 2358 ,
183 2345 190 2358 ,
356 2286 473 2348 civitate
501 2287 678 2349 inveterasse
705 2287 763 2346 iam
786 2288 872 2348 bonis
894 2287 1084 2364 temporibus,
1113 2302 1145 2350 ut

106 2346 319 2458 ,iiiiiiqiilgniiieii
357 2385 497 2462 splendor
510 2382 693 2444 aedilitatum
707 2379 745 2443 ab
760 2383 878 2460 optimis
892 2382 960 2444 viris
973 2387 1143 2460 postuletur.

106 2448 232 2500 ‘dmm
356 2481 462 2556 Itaque
489 2488 520 2539 et
543 2480 576 2538 P.
602 2480 733 2552 Crassus,
762 2498 832 2538 cum
859 2479 1036 2557 cognomine
1063 2480 1145 2542 dives

107 2584 172 2634 turn
198 2576 300 2654 copiis,
323 2579 441 2636 iunctus
465 2585 509 2634 est
533 2573 668 2634 aedilicio
696 2574 825 2634 maximo
853 2594 973 2637 munere
1000 2587 1030 2637 et
1056 2579 1145 2660 paulo

107 2678 175 2744 post
209 2671 242 2728 L.
279 2671 402 2730 Crassus
438 2686 508 2726 cum
542 2664 676 2726 omniurn
712 2665 868 2726 hominum
909 2668 1144 2739 moderatissimo
1158 2684 1188 2734 25

107 2764 145 2838 Q.
175 2764 278 2824 Mucio
306 2761 594 2851 magnificentissima
620 2762 770 2823 aedilitate
796 2765 914 2823 iunctus
941 2774 1000 2824 est:
1035 2765 1144 2826 deinde

106 2859 141 2918 C.
172 2859 313 2920 Claudius
340 2858 431 2937 Appii
460 2858 544 2932 iilius,
579 2857 665 2919 multi
695 2871 770 2935 post,
801 2858 925 2932 Luculli,
955 2860 1142 2934 Hortensius,

106 2953 229 3016 Silanus
272 2958 385 3018 Omnes
406 2966 505 3016 autem
526 2957 558 3014 P.
581 2956 724 3016 Lentulus
752 2976 800 3017 me
820 2958 943 3018 consule
969 2956 1039 3016 vicit
1060 2977 1143 3035 supe

155 3138 171 3182 4
187 3127 244 3170 ante
263 3121 368 3170 fructum
388 3120 532 3169 adiectivum
550 3119 686 3168 desidmnt
704 3121 746 3170 Ba
764 3121 846 3171 Heine
864 3121 936 3186 quale
954 3112 1088 3173 maximum
1106 3125 1144 3173 vel

105 3200 227 3264 optimum
263 3205 272 3259 ΙΙ
308 3199 564 3261 6Aristotelescodd,
577 3201 755 3259 OrHeimLu,
763 3202 848 3251 Aristo
857 3203 923 3252 Ceus
932 3204 1144 3255 BeZummMu·

104 3287 153 3330 reto
203 3285 213 3340 ΙΙ
259 3283 275 3331 8
290 3282 408 3332 miremur
422 3281 518 3331 Bakim
568 3285 578 3339 ΙΙ
629 3297 644 3347 9
659 3282 694 3331 ait
705 3283 876 3334 enimaconi
888 3285 916 3333 C.
928 3286 957 3335 F.
976 3286 1014 3338 W.
1028 3288 1145 3336 Mueller-i

104 3363 172 3412 Phil.
187 3373 245 3413 xun
255 3370 283 3428 p.
293 3361 342 3426 630
352 3364 452 3412 admin't
458 3370 513 3426 post
520 3363 601 3413 Heine
609 3364 651 3412 Lu
661 3382 669 3412 :
680 3371 706 3412 at
717 3363 734 3412 ii
745 3364 817 3428 mclgo
884 3368 894 3423 ll
960 3382 990 3418 ro
1000 3377 1144 3433 cogerentur

104 3445 183 3507 vulgo,
200 3452 318 3508 cogantur
334 3460 363 3493 ax
377 3445 471 3509 alt'quot
484 3445 546 3493 codd
558 3445 598 3493 Zu
615 3444 655 3493 Ba
671 3445 713 3493 lu
779 3448 789 3503 ΙΙ
856 3447 942 3497 auditu
956 3447 1098 3500 incredibile
1114 3452 1144 3499 St

103 3525 150 3574 alii
158 3540 188 3573 ex
198 3525 288 3573 duobus
297 3525 361 3574 codd.
433 3529 442 3583 ΙΙ
510 3525 582 3573 nobis
594 3525 622 3572 in
633 3526 726 3588 alr'quot
740 3525 805 3574 codd.
815 3527 930 3577 omasum
944 3528 987 3578 dcl.
1000 3530 1143 3593 Madvigius

101 3609 116 3663 ,11
137 3621 166 3666 14
179 3605 342 3654 multitudinis
357 3606 390 3654 ad
403 3605 480 3665 codd,
492 3606 657 3655 multitudinis
670 3606 701 3655 sit
715 3606 749 3654 ad
762 3608 837 3668 OrZ,
850 3608 1014 3660 multitudinis
1024 3610 1057 3658 ad
1067 3610 1142 3660 breve

71 3722 80 3741 ,
103 3686 267 3750 exiguumque
282 3687 313 3735 sit
330 3695 434 3750 tempus,
454 3695 542 3751 eatque
558 3703 574 3742 a
590 3688 626 3749 St,
640 3689 760 3737 -lacunam
768 3719 770 3722 >
772 3695 828 3752 post
843 3690 1007 3740 multitudinis
1025 3690 1144 3741 indicanti

103 3767 144 3817 Bo
161 3772 257 3816 auctore
271 3767 385 3815 Lundr'o
421 3770 431 3824 ΙΙ
469 3780 497 3828 15
513 3767 623 3830 capiatur
640 3783 717 3834 eaque
733 3771 834 3835 Sauppe,
855 3771 950 3821 Heius:
972 3773 1044 3836 vulgo
1064 3788 1142 3838 eaque

105 3850 116 3905 Ι
130 3860 160 3896 aa
172 3847 335 3919 postularetur
345 3848 385 3896 Ba
396 3863 451 3896 cum
461 3847 551 3922 duobur
560 3848 625 3927 rodi.

183 3960 240 4005 c1c.
256 3947 289 4004 de
305 3945 363 4021 Off.
489 3957 492 3961 ’
859 3924 862 3929 ’
1033 3920 1061 4007 '⁶
