2670 4296
104 221 157 281 111
168 237 270 279 xxvm
285 215 353 299 102]
384 220 433 278 De
451 219 616 278 contenttone
634 219 757 277 Honesti
774 226 800 278 et
825 221 912 280 Uttlts
1091 242 1144 299 131

104 408 204 463 uxore,
219 409 287 450 cum
301 388 408 462 liberis,
425 407 514 465 quam
529 387 728 463 calamitatem
742 388 904 465 accepisset
918 389 948 448 in
962 391 1051 464 bello,
1067 410 1147 452 com·

12 556 17 561 0
106 503 227 546 munem
247 477 381 546 fortunae
399 483 522 544 bellicae
550 482 731 542 iudicantem
751 497 851 544 tenere
871 486 1033 546 consularis
1054 485 1147 563 digni·

106 582 174 643 tatis
193 584 324 660 gradum.
369 580 444 655 Quis
464 580 538 639 haec
560 592 648 657 negat
668 599 733 640 esse
754 581 854 642 utilia?
895 582 994 656 Quem
1021 585 1148 644 censes?

13 692 91 742 XVII
106 679 283 756 Magnitudo
296 677 387 737 animi
401 689 431 737 et
445 677 587 737 fortitudo
602 688 698 754 negat
744 697 807 736 100.
838 680 919 737 Num
939 678 1146 755 locupletiores

103 775 219 855 quaeris
240 777 396 835 auctores?
438 776 554 832 Harum
575 773 654 833 enim
677 787 721 834 est
741 774 880 834 virtutum
900 775 1052 851 proprium
1072 776 1146 838 nihil
1174 799 1187 848 5

102 874 301 945 extimescere,
316 871 417 932 omnia
430 872 560 931 humana
578 869 739 947 despicere,
755 871 827 930 nihil
846 873 929 947 quod
943 872 1056 932 homini
1071 873 1147 934 acci·

102 971 173 1031 dere
186 969 277 1047 possit
292 969 509 1029 intolerandum
523 980 633 1045 putare.
678 970 785 1044 Itaque
799 968 872 1046 quid
887 968 978 1030 iecit?
1012 971 1050 1030 In
1064 991 1146 1031 sena·

102 1078 166 1128 tum
180 1066 269 1140 venit,
284 1068 427 1126 mandata
445 1065 589 1142 exposuit,
606 1064 783 1124 sententiam
801 1085 839 1126 ne
858 1065 969 1126 diceret
987 1066 1146 1131 recu‘savit:

102 1183 192 1240 quam
213 1162 264 1222 diu
285 1161 346 1221 iure
367 1160 491 1220 iurando
512 1158 641 1219 hostium
665 1171 821 1232 teneretur,
844 1180 906 1220 non
927 1181 991 1223 esse
1013 1182 1044 1222 se
1065 1183 1147 1224 sena·

102 1270 205 1320 torem.
247 1261 348 1334 Atque
367 1256 439 1316 illud
455 1255 618 1318 etiam-‘o
633 1257 757 1316 stultum
771 1257 936 1318 hominem'
951 1258 1056 1319 dixerit
1070 1259 1147 1336 quis·
1160 1286 1188 1320 10

103 1356 183 1433 piam
206 1360 248 1416 ‘et
268 1365 482 1434 repugnantem
503 1352 620 1412 utilitati
649 1353 872 1414 suaet-reddi
900 1355 1031 1432 captivos
1060 1376 1147 1434 nega-

102 1452 143 1512 vit
164 1471 228 1513 esse
250 1452 339 1510 utile:
367 1450 433 1510 illos
461 1449 540 1510 enim
561 1451 768 1510 adulescentes
789 1469 853 1511 esse
874 1463 904 1511 et
924 1451 1021 1512 bonos
1043 1454 1144 1527 duces,

54 1620 58 1625 ,
103 1570 135 1610 se
155 1549 213 1609 iam
228 1549 397 1609 conlectum
411 1558 572 1607 senectute.
615 1546 709 1607 Cuius
729 1567 798 1607 cum
819 1549 957 1609 valuisset
977 1551 1145 1626 auctoritas,

103 1646 211 1723 captivi
231 1643 337 1704 retenti
356 1655 433 1716 sunt,
448 1643 511 1720 ipse
534 1643 749 1720 Karthaginem
770 1645 855 1705 rediit
876 1665 974 1722 neque
995 1668 1063 1707 eum
1077 1648 1148 1709 cari·

103 1755 148 1803 tas
168 1741 279 1819 patriae
301 1739 421 1800 retinuit
442 1759 498 1798 nec
518 1758 646 1799 suorum
692 1743 799 1818 Neque
820 1761 889 1802 vero
910 1754 973 1802 tum
994 1744 1147 1820 ignorabat
1160 1767 1187 1816 ¹5

103 1861 135 1902 se
149 1843 188 1901 ad
201 1838 436 1899 crudelissimum
450 1838 567 1896 hostem
580 1850 611 1897 et
624 1839 662 1898 ad
678 1839 823 1914 exquisita
833 1840 976 1916 supplicia
990 1841 1145 1917 proficisci,

278 2012 282 2020 Ι
348 1935 402 1994 sed
420 1933 465 1993 ius
484 1932 641 1993 iurandum
660 1937 895 1995 conservandum
913 1938 1045 2014 putabat
1089 1942 1147 2000 Ita-

102 2015 311 2118 bssffigfflgfflss
350 2048 408 2105 que
422 2040 494 2102 tum,
510 2049 579 2088 curn
593 2028 744 2105 vigilando
763 2032 931 2104 necabatur,
946 2045 1008 2092 erat
1021 2034 1052 2093 in
1066 2034 1147 2094 meli-

102 2115 269 2217 },ffiffiffi‘im
284 2113 312 2155 ⁰f
350 2143 400 2184 ore
415 2144 505 2184 causa
514 2144 604 2201 quam
619 2124 643 2183 si
658 2124 742 2185 domi
756 2146 847 2186 senex
861 2128 1001 2203 captivus,
1014 2129 1145 2206 periurus

128 2265 165 2306 tre
192 2277 235 2305 m
257 2262 308 2304 feo„
349 2220 714 2283 consularisremansisset.
760 2242 825 2281 101.
848 2226 902 2282 ‘At
912 2227 1009 2299 stulte,
1021 2226 1071 2303 qui
1082 2246 1143 2287 non
1156 2252 1187 2286 20

101 2314 173 2406 {lunt
188 2313 309 2404 ²⁶22}ss
346 2318 439 2378 modo
450 2337 511 2376 non
522 2316 668 2377 censuerit
682 2318 813 2395 captivos
828 2320 1030 2396 remittendos,
1041 2343 1143 2384 verum

100 2375 211 2508 &ff
219 2428 266 2456 Μ
274 2413 306 2454 1¹¹·
343 2413 433 2472 etiam
449 2412 635 2472 dissuaserit!
671 2414 847 2488 Quomodo
862 2417 972 2478 stulte?
1005 2419 1142 2494 etiamne,

143 2573 183 2615 An
197 2569 270 2613 wart
349 2509 374 2569 si
387 2508 430 2570 rei
442 2509 578 2586 publicae
597 2510 802 2572 conducebat?
823 2524 920 2588 potest
938 2526 1046 2589 autem,
1061 2519 1143 2593 quod

101 2661 147 2704 Not
160 2583 221 2703 {slis
235 2660 309 2702 advice
347 2606 451 2667 inutile
461 2605 503 2666 rei
514 2606 651 2683 publicae
663 2607 708 2680 sit,
719 2607 751 2667 id
759 2607 897 2686 cuiquam
908 2610 965 2671 civi
979 2613 1049 2674 utile
1060 2618 1144 2677 esse?

9 2713 86 2764 ,vm
100 2726 144 2754 wa·
153 2712 184 2754 sor
193 2713 229 2753 the
238 2712 307 2762 public
408 2705 582 2762 Pervertunt
616 2705 752 2766 homines
787 2725 831 2780 ea,
867 2727 943 2784 quae
978 2722 1046 2771 sunt
1081 2714 1143 2772 sun·
1156 2733 1185 2781 ²5

190 2762 231 2802 For
244 2771 265 2802 to
274 2775 307 2801 se·

98 2811 308 2904 ffifflffiss
346 2798 486 2857 (lamenta
519 2810 650 2872 naturae,
686 2820 756 2859 cum
777 2802 932 2863 utilitatem
967 2809 1005 2866 ab
1038 2809 1144 2868 hones·

98 2911 308 2972 viennam-neret
345 2905 405 2955 tate
426 2895 590 2972 seiungunt.
634 2899 749 2958 Omnes
777 2899 856 2958 enim
884 2904 1048 2978 expetimus
1068 2906 1143 2966 utili·

97 2962 308 3064 Zbidffihffll‘
348 3002 440 3050 tatem
467 2993 507 3051 ad
536 3011 661 3069 eamque
692 2994 821 3071 rapimur
848 3017 905 3058 nec
933 3002 1029 3062 facere
1057 3002 1142 3064 aliter

97 3089 161 3148 ullo
189 3087 281 3148 modo
308 3106 473 3164 possumus.
516 3091 595 3148 Nam
623 3089 688 3166 quis
716 3103 761 3150 est
788 3092 839 3169 qui
866 3095 949 3156 utilia
969 3099 1067 3175 fugiat,
1090 3113 1141 3163 aut

97 3183 164 3263 quis
185 3183 283 3261 potius
304 3183 355 3263 qui
376 3203 411 3244 ea
431 3203 492 3244 non
513 3185 726 3246 studiosissime
747 3196 955 3266 persequatur?
995 3196 1054 3255 Sed
1073 3198 1142 3273 quia
1155 3215 1186 3264 30

98 3301 247 3358 nusquam
260 3299 418 3357 possumus
432 3280 488 3339 nisi
503 3281 532 3340 in
551 3283 647 3354 laude,
664 3284 780 3356 decore,
796 3286 950 3348 honestate
965 3290 1047 3349 utilia
1059 3312 1142 3369 repe-

97 3378 163 3446 rire,
177 3389 334 3455 propterea
352 3376 401 3436 illa
420 3376 514 3454 prima
533 3389 563 3438 et
582 3397 698 3437 summa
716 3380 867 3455 habemus,
884 3384 1015 3447 utilitatis
1029 3407 1140 3449 nomen

97 3494 160 3536 non
174 3485 235 3534 tam
249 3472 437 3550 splendidum
452 3492 541 3550 quam
556 3475 754 3534 necessarium
769 3478 914 3539 ducimus.
959 3501 1022 3540 102.
1048 3484 1142 3559 ‘Quid

123 3617 283 3670 objectione
349 3581 394 3629 est
414 3568 512 3646 igitur'
533 3571 638 3632 dixerit
659 3573 725 3650 quis
746 3574 790 3634 ‘in
811 3576 873 3638 iure
893 3577 1036 3640 iurando?
1069 3600 1141 3640 num

122 3683 311 3736 rhenonum
348 3665 453 3725 iratum
468 3666 603 3728 timemus
619 3671 740 3732 Iovem?
780 3675 821 3733 At
841 3675 899 3734 hoc
920 3675 1041 3752 quidem
1062 3696 1141 3738 com·
1154 3696 1184 3746 ,35

96 3734 310 3826 {lihhthilhll
347 3779 438 3820 mune
459 3771 503 3820 est
524 3763 656 3824 omnium
680 3766 932 3845 philosophorum,
955 3791 1017 3832 non
1038 3792 1141 3834 eorum

96 3835 120 3877 it.
156 3834 198 3875 For
220 3835 248 3882 tal
272 3835 309 3875 the
518 3858 524 3871 ·
694 3864 700 3875 .
726 3864 732 3876 .
909 3869 914 3880 .
1126 3873 1144 3883 .,

95 3884 309 3937 ‘eumneveran-
346 3859 446 3933 modo,
475 3877 526 3937 qur
554 3861 643 3921 deum
672 3865 744 3923 mhrl
772 3866 880 3927 habere
907 3889 1009 3946 ipsum
1032 3884 1158 3947 negem

1009 4001 1094 4052 (ᾗ-Ἱ,
