2670 4296
94 227 161 286 1111
181 223 210 307 7]
340 314 343 321 Ι
493 228 634 304 Drfim'trir
653 227 738 304 officii
1121 240 1137 305 5

93 421 195 474 romb„
248 435 305 464 some
344 389 472 450 officium
491 409 580 449 omne
599 400 772 466 pervertant.
815 389 895 447 Nam
916 386 967 463 qui
990 404 1139 446 summum

93 473 307 574 fflffifflgss
345 487 458 545 bonum
478 485 520 544 sic
537 485 662 546 instituit
679 496 712 545 ut
730 483 804 543 nihil
822 485 929 544 habeat
945 503 1014 542 cum
1032 482 1139 545 virtute

92 573 306 672 gjnsshfflssffl
343 581 544 655 coniunctum,
559 581 650 658 idque
674 581 733 641 suis
754 580 928 654 commodis,
951 600 1012 640 non
1032 581 1139 641 hones·

93 673 307 764 {gfioffigsseffdffffggff
345 690 405 739 tate
426 679 552 751 metitur,
571 678 629 752 hic,
645 677 669 738 si
688 677 744 737 sibi
760 678 823 754 ipse
843 677 1007 738 consentiat
1026 688 1056 738 et
1076 697 1137 738 non

92 773 307 875 fflss‘ffiffld
344 773 492 835 interdum
507 784 626 833 naturae
646 772 777 833 bonitate
796 772 935 847 vincatur,
951 791 1047 849 neque
1067 772 1138 832 ami·
1167 794 1181 844 5

343 869 443 929 citiam
467 872 563 931 colere
584 869 676 947 possit
697 889 753 929 nec
776 868 915 929 iustitiam
939 889 995 928 nec
1015 869 1138 930 liberali·

93 975 204 1028 tatem:
237 966 318 1028 fortis
346 986 416 1028 vero
450 969 583 1028 dolorem
611 987 759 1027 summum
787 968 897 1026 malum
924 966 1058 1027 iudicans
1085 979 1136 1028 aut

93 1073 260 1139 temperans
286 1066 469 1141 voluptatem
496 1084 645 1125 summum
672 1066 786 1124 bonum
813 1074 943 1124 statuens
966 1082 1029 1123 esse
1057 1073 1136 1122 certe

93 1159 176 1217 nullo
189 1160 281 1218 modo
295 1170 401 1236 potest.
445 1163 471 1220 6.
515 1162 600 1236 Quae
614 1179 793 1235 quamquam
812 1158 853 1218 ita
867 1170 935 1218 sunt
949 1157 980 1217 in
996 1168 1143 1235 promptu,

92 1265 126 1314 ut
139 1273 185 1315 res
200 1255 398 1331 disputatione
413 1275 473 1315 non
488 1266 580 1333 egeat,
596 1267 696 1315 tamen
711 1267 811 1315 sunta
824 1256 910 1316 nobis
924 1255 983 1315 alio
996 1257 1064 1315 loco
1078 1255 1135 1314 dis·
1151 1282 1180 1318 ro

92 1362 203 1426 putata
247 1354 315 1412 Hae
329 1353 502 1430 disciplinae
517 1352 610 1430 igitur,
618 1353 641 1412 si
656 1352 711 1413 sibi
725 1364 943 1413 consentaneae
957 1351 1048 1412 velint
1061 1369 1134 1424 esse,

92 1447 130 1507 de
157 1447 256 1511 officio
283 1448 356 1507 nihil
383 1457 494 1525 queant
522 1449 628 1522 dicere,
656 1468 753 1524 neque
780 1450 841 1508 ulla
868 1448 957 1508 officii
978 1460 1136 1525 praecepta

91 1544 183 1616 firma,
200 1544 322 1619 stabilia,
343 1547 502 1605 coniuncta
522 1558 643 1605 naturae
664 1546 739 1606 tradi
756 1558 879 1623 possunt
897 1545 954 1605 nisi
972 1557 1023 1606 aut
1043 1545 1082 1604 ab
1099 1543 1135 1605 iis

91 1638 143 1715 qui
162 1639 264 1713 solam,
280 1652 331 1700 aut
351 1642 389 1700 ab
403 1641 438 1700 iis
454 1641 504 1716 qui
518 1640 644 1701 maxime
658 1641 843 1701 honestatem
857 1655 976 1718 propter
989 1659 1021 1700 se
1034 1639 1135 1699 dicant

91 1737 296 1812 expetendam.
340 1739 387 1796 Ita
401 1739 519 1814 propria
533 1749 577 1798 est
596 1757 630 1797 ea
648 1737 818 1814 praeceptio
837 1739 1003 1807 Stoicorum
1020 1740 1177 1812 Acade-15

115 1898 162 1940 ane
179 1899 229 1950 only
242 1907 304 1940 m·
341 1834 484 1894 micorum
519 1834 786 1911 Peripateticorum,
815 1835 956 1912 quoniam
989 1835 1134 1897 Aristonis

90 1950 255 2000 worthygutdes
268 1963 303 1991 are
342 1930 499 2006 Pyrrhonis
521 1930 604 1990 Erilli
625 1930 684 1989 iam
706 1931 963 2009 pridemexplosa
990 1932 1134 1993 sententia

90 1999 127 2040 the'
136 1999 211 2049 Stoics,
221 2000 303 2040 Acade·
464 2029 470 2040 .
787 2030 793 2042 .
987 2030 992 2042 .
1125 2030 1131 2043 .

90 2050 303 2100 maeandrum
340 2040 393 2102 est,
421 2049 472 2106 qur
501 2040 601 2090 tamen
621 2030 764 2090 haberent
785 2050 829 2090 rus
854 2049 940 2090 suum
963 2031 1133 2107 drsputandr

89 2107 303 2209 &illidii
341 2127 378 2186 de
400 2126 505 2200 officio,
527 2126 552 2186 si
578 2146 674 2186 rerum
695 2127 823 2203 aliquem
845 2127 985 2188 dilectum
1005 2127 1134 2204 reliquis

89 2199 228 2252 manli·
340 2236 414 2299 sent,
442 2236 474 2285 ut
501 2226 540 2284 ad
568 2224 656 2284 officii
682 2223 883 2284 inventionem
917 2223 1013 2283 aditus
1047 2233 1131 2284 esset.
1146 2247 1178 2284 ao

90 2319 246 2397 Sequimur
259 2319 345 2398 igitur
358 2323 417 2382 hoc
435 2321 557 2398 quidem
573 2333 705 2397 tempore
726 2333 756 2382 et
771 2323 828 2380 hac
843 2320 875 2380 in
894 2319 1066 2397 quaestione
1083 2339 1135 2397 po

89 2416 234 2477 tissimum
250 2418 373 2490 Stoicos,
389 2437 451 2478 non
465 2429 498 2477 ut
512 2417 691 2494 interpretes,
704 2418 766 2490 sed,
778 2428 811 2477 ut
825 2419 988 2490 solemuS,e
1002 2416 1133 2478 fontibus

90 2532 193 2572 eorum
208 2513 317 2574 iudicio
331 2515 511 2592 arbitrioque
525 2526 626 2576 nostro
641 2524 783 2590 quantum
803 2533 924 2591 quoque
942 2515 1034 2575 modo
1053 2513 1134 2575 vide-

90 2609 169 2670 bitur
181 2610 356 2677 hauriemus.
608 2595 611 2600 ⁸

151 2722 178 2782 7.
219 2708 320 2767 Placet
334 2705 429 2784 igitur,
445 2707 584 2785 quoniam
600 2705 695 2768 omnis
710 2707 869 2784 disputatio
880 2707 918 2768 de
927 2707 1025 2769 officio
1035 2710 1132 2768 futura
1145 2727 1176 2778 ²5

113 2859 201 2902 Mania
225 2861 249 2902 of
259 2862 302 2912 effi·
340 2816 392 2879 est,
406 2817 477 2865 ante
496 2804 655 2878 desinire,
671 2803 743 2881 quid
762 2804 799 2864 sit
820 2804 998 2865 officium:
1019 2805 1133 2881 quoda

87 2874 302 3004 ciunqwfffirstde·
340 2903 480 2964 Panaetio
507 2900 743 2980 praetermissum
777 2920 841 2961 esse
875 2900 970 2962 miror.
1026 2900 1133 2962 Omnis

87 2969 177 3004 mm
337 2999 427 3073 enim,
450 3019 526 3076 quae
548 3019 566 3058 a
592 2998 704 3059 ratione
733 2997 887 3075 suscipitur
910 3000 949 3058 de
975 2997 1132 3074 aliquaue

87 3096 232 3157 institutio
253 3098 342 3157 debet
362 3116 381 3155 a
408 3096 579 3156 definitione
606 3095 761 3173 proficisci,
785 3107 817 3155 ut
839 3094 1030 3172 intellegatur,
1060 3068 1132 3174 qirid

88 3192 125 3252 sit
138 3192 171 3252 id
185 3193 223 3252 de
237 3212 297 3271 quo
312 3192 482 3269 disputetur.
928 3258 930 3263 η
1081 3226 1083 3230 1
1145 3223 1177 3275 30

33 3317 75 3368 111
113 3323 228 3375 Q,„„,„
238 3326 301 3368 reb,
399 3287 504 3348 Omnis
518 3287 557 3348 de
572 3287 669 3348 officio
683 3289 793 3365 duplex
807 3298 851 3348 est
865 3286 1017 3364 quaestio:
1038 3308 1131 3350 unum

86 3373 301 3475 ξξζξίᾙξοξζῑξζῖ
338 3404 430 3462 genus
457 3396 502 3445 est
529 3386 612 3461 quod
638 3385 764 3461 pertinet
791 3386 831 3445 ad
857 3386 948 3446 finem
975 3369 1130 3461 bonorum,

86 3474 242 3527 ”dmm
338 3483 462 3542 alterum
483 3483 565 3557 quod
583 3482 713 3558 positum
734 3492 778 3541 est
796 3481 827 3540 in
846 3482 1009 3559 praeceptis
1024 3483 1144 3559 quibus

86 3574 118 3636 in
131 3576 229 3639 omnis
242 3580 331 3656 partis
345 3597 415 3638 usus
429 3578 507 3640 vitae
526 3577 703 3638 conformari
721 3577 821 3656 possit
864 3578 1026 3656 Superioris
1043 3599 1133 3657 gene·

137 3820 167 3867 ¹4
178 3804 269 3855 ducant
283 3806 325 3855 Ba
336 3813 393 3870 post
403 3807 513 3856 Bakium
527 3805 562 3855 aa'
577 3807 626 3856 Cic.
639 3805 669 3854 dc
677 3805 735 3870 legg.
750 3805 785 3865 13
797 3815 826 3868 37
862 3806 872 3862 ΙΙ
888 3853 891 3859 ,
908 3816 937 3850 ar
951 3816 1081 3867 sequemur
1090 3801 1132 3850 Ba

85 3885 126 3936 lu
134 3888 335 3952 postGraevium
370 3892 380 3948 ΙΙ
417 3891 447 3940 28
459 3889 495 3952 [a]
506 3889 602 3939 ratione
616 3889 660 3947 Or,
672 3888 766 3938 ratione
780 3888 821 3936 Ba
831 3888 958 3937 HeineLu
971 3885 1058 3935 invitis
1067 3886 1132 3938 codd.
