2670 4296
171 270 188 321 4
489 253 647 328 Propasilia
667 253 711 312 rei
730 255 894 313 tractandae
1127 252 1217 336 [113

195 444 228 484 To
242 443 338 485 ,pund
354 444 381 487 h,
423 435 448 491 3.
493 417 591 490 Quam
619 417 659 476 ob
686 435 748 476 rem
775 436 954 494 magnopere
982 427 1011 477 te
1038 418 1148 489 hortor,
1177 416 1219 477 mi

168 493 385 595 {fffisssdffph‘ss
424 510 538 584 Cicero,
560 521 594 571 ut
612 529 674 571 non
695 512 790 571 solum
812 511 958 571 orationes
979 531 1068 584 meas,
1089 513 1143 571 sed
1163 513 1218 573 hos

170 593 285 686 illibi
298 608 385 696 εζῖῗεῖιῗ
424 606 512 666 etiam
530 607 568 666 de
584 606 772 684 philosophia
790 608 888 681 libros,
904 608 954 684 qui
968 608 1027 667 iam
1040 607 1096 667 illis
1111 609 1170 669 fere
1185 629 1216 670 se

170 707 201 737 ee
422 715 592 779 aequarunt,
610 705 742 765 studiose
758 704 846 780 legas.
889 703 943 763 Vis
966 703 1045 764 enim
1069 703 1163 765 maior
1186 704 1217 764 in

172 800 229 861 illis
244 798 373 871 dicendi,
389 800 442 859 sed
456 801 514 860 hoc
529 820 649 878 quoque
663 802 823 861 colendum
838 811 881 861 est
895 801 1048 877 aequabile
1063 812 1093 862 et
1106 813 1217 880 tempe·
1247 817 1260 866 5

171 910 266 957 ratum
282 896 422 958 orationis
433 917 533 973 genus.

171 1011 384 1112 §uudqequqrhqqqe
486 998 524 1055 Et
539 995 569 1056 id
579 995 700 1072 quidem
710 995 822 1056 nemini
830 995 918 1056 video
930 997 1110 1056 Graecorum
1119 998 1217 1057 adhuc

171 1113 216 1162 phy
233 1112 275 1152 and
293 1113 384 1163 Orntory
423 1091 590 1168 contigisse,
605 1103 638 1151 ut
652 1091 732 1152 idem
747 1103 872 1167 utroque
890 1091 918 1150 in
934 1111 1041 1168 genere
1055 1094 1218 1153 elaboraret

171 1175 235 1202 never
268 1163 383 1213 attempted
724 1190 730 1202 .
982 1191 988 1202 .
1071 1191 1077 1203 .

171 1212 340 1262 syraconem.
423 1202 652 1266 sequereturque
674 1201 704 1250 et
722 1192 796 1250 rllud
820 1191 936 1250 forense
959 1193 1079 1252 dicendr
1102 1203 1132 1251 et
1158 1193 1217 1252 hoc

171 1287 304 1364 quietum
326 1287 495 1365 disputandi
515 1307 616 1365 genus,
642 1288 698 1346 nisi
719 1291 794 1348 forte
816 1288 985 1348 Demetrius
1006 1290 1164 1372 Phalereus
1186 1289 1216 1348 in
1232 1313 1262 1347 ιο

171 1384 230 1442 hoc
254 1403 377 1442 numero
399 1382 500 1442 haberi
523 1394 629 1460 potest,
655 1384 821 1460 disputator
843 1383 965 1456 subtilis,
991 1394 1090 1444 orator
1112 1403 1216 1461 parum

170 1481 339 1551 vehemens,
355 1479 450 1539 dulcis
469 1490 579 1552 tamen,
594 1491 627 1539 ut
645 1479 844 1556 Theophrasti
863 1479 1040 1557 discipulum
1057 1481 1152 1559 possis
1169 1502 1217 1559 ag-

171 1595 301 1635 noscere.
326 1577 391 1634 Nos
405 1588 504 1635 autern
519 1587 663 1652 quantum
677 1577 706 1635 in
722 1588 846 1653 utroque
860 1577 1075 1653 profecerimus,
1090 1578 1215 1638 aliorum

171 1670 207 1728 sit
226 1669 387 1742 iudicium;
410 1682 565 1748 utrumque
585 1682 664 1731 certe
684 1671 777 1730 secuti
797 1692 905 1731 sumus.
947 1693 974 1746 4.
1018 1673 1167 1750 Equidem
1187 1687 1217 1735 et

171 1765 326 1823 Platonem
341 1764 495 1837 existumo,
512 1765 536 1824 si
549 1785 643 1842 genus
664 1768 780 1827 forense
795 1766 912 1827 dicendi
926 1776 1049 1829 tractare
1066 1769 1216 1843 voluisset,
1232 1797 1260 1846 15

170 1860 340 1935 gravissime
354 1871 384 1920 et
398 1860 600 1936 copiosissime
614 1863 746 1939 potuisse
765 1863 864 1923 dicere
881 1875 910 1924 et
933 1866 1176 1939 Demosthenem,
1191 1867 1216 1926 si

170 1955 220 2015 illa
234 1976 310 2034 quae
323 1976 342 2015 a
358 1959 482 2016 Platone
496 1957 639 2017 didicerat
653 1959 795 2019 tenuisset
810 1971 839 2020 et
858 1961 1048 2036 pronuntiare
1066 1962 1215 2036 voluisset,

171 2064 274 2112 ornate
302 2053 517 2130 splendideque
543 2056 639 2114 facere
666 2055 807 2133 potuisse.
856 2057 1031 2133 Eodemque
1059 2060 1151 2120 modo
1178 2061 1217 2120 de

169 2149 328 2210 Aristotele
349 2162 378 2210 et
400 2153 530 2211 Isocrate
550 2151 659 2226 iudico,
682 2172 807 2230 quorum
827 2165 951 2230 uterque
972 2173 1027 2215 suo
1048 2155 1147 2216 studio
1167 2157 1219 2217 de-

170 2247 295 2305 lectatus
310 2247 488 2323 contempsit
502 2249 634 2308 alterum.
1229 2272 1262 2307 το

130 2353 157 2402 11
191 2392 383 2434 crenusmouves
483 2346 543 2404 Sed
565 2365 634 2404 cum
657 2345 823 2406 statuissem
846 2345 971 2406 scribere
992 2347 1031 2407 ad
1053 2358 1083 2408 te
1104 2347 1218 2425 aliquid

170 2441 385 2542 {gqjecchzwgipsmoffi
423 2440 481 2498 hoe
496 2451 639 2517 tempore,
654 2444 747 2501 multa
761 2443 894 2519 posthac,
909 2444 947 2502 ab
962 2461 998 2502 eo
1015 2443 1104 2504 ordiri
1125 2445 1218 2504 maxi·

169 2543 384 2634 fflffinissifdd
422 2556 470 2596 me
483 2538 572 2609 volui,
585 2540 667 2615 quod
681 2552 711 2599 et
720 2539 808 2600 aetati
822 2550 891 2602 tuae
905 2551 983 2600 esset
993 2541 1178 2618 aptissimum
1187 2555 1217 2605 et

170 2607 348 2694 calimuortaica
423 2633 588 2693 auctoritati
605 2654 697 2695 meae.
741 2638 820 2695 Nam
841 2655 909 2695 cum
925 2640 1018 2696 multa
1035 2637 1093 2697 sint
1110 2639 1140 2698 in
1154 2641 1218 2716 phi-

208 2738 245 2768 (ἢ
257 2737 280 2768 ¹¹·
292 2740 358 2768 ¹·¹‘²
421 2731 557 2807 losophia
576 2742 605 2791 et
625 2731 724 2808 gravia
740 2743 770 2791 et
788 2732 870 2791 utilia
885 2745 1021 2793 accurate
1034 2735 1215 2813 copioseque
1229 2772 1260 2819 ²5

170 2851 189 2890 a
206 2829 390 2908 philosophis
418 2829 576 2906 disputata,
594 2829 735 2888 latissime
751 2842 853 2906 patere
870 2830 1007 2890 videntur
1027 2851 1062 2891 ea
1080 2852 1157 2910 quae
1176 2835 1215 2894 de

172 2927 275 2988 officiis
290 2927 397 2988 tradita
410 2927 449 2986 ab
464 2926 520 2985 illis
534 2937 564 2986 et
577 2937 734 3002 praecepta
748 2938 822 2986 sunt.
867 2929 957 2987 Nulla
967 2927 1046 2986 enim
1056 2928 1134 2988 vitae
1148 2949 1216 3006 pars

170 3038 269 3099 neque
282 3023 408 3100 publicis
427 3041 524 3098 neque
540 3021 667 3098 privatis,
683 3041 781 3103 neque
799 3024 962 3083 forensibus
982 3043 1080 3100 neque
1099 3026 1218 3086 domes·

171 3119 236 3178 ticis
250 3120 281 3178 in
295 3121 389 3194 rebus,
406 3138 504 3195 neque
523 3118 547 3178 si
568 3129 667 3178 tecum
687 3138 756 3195 agas
778 3121 850 3195 quid
870 3139 968 3197 neque
988 3120 1013 3180 si
1033 3140 1101 3179 cum
1121 3123 1215 3184 altero

171 3219 335 3289 contrahas,
350 3236 454 3276 vacare
475 3215 573 3275 officio
589 3227 694 3292 potest,
711 3217 741 3275 in
760 3236 856 3293 eoque
877 3228 907 3277 et
920 3218 1047 3278 colendo
1061 3217 1117 3278 sita
1136 3219 1215 3280 vitae
1229 3247 1261 3295 30

171 3325 216 3372 est
230 3315 370 3373 honestas
388 3311 486 3372 omnis
503 3321 533 3371 et
550 3313 735 3389 neglegendo
753 3313 912 3389 turpitudo.
956 3330 982 3391 5.
1023 3317 1124 3392 Atque
1140 3317 1216 3379 haec

171 3409 293 3485 quidem
307 3409 441 3486 quaestio
455 3408 623 3468 communis
637 3420 682 3469 est
695 3409 829 3469 omnium
844 3410 1094 3487 philosophorum.
1138 3414 1216 3490 Quis

171 3518 216 3567 est
230 3506 309 3566 enim
324 3507 375 3584 qui
389 3504 476 3564 nullis
497 3505 585 3565 officii
605 3505 769 3582 praeceptis
789 3506 938 3566 tradendis
955 3507 1165 3586 philosophum
1182 3531 1215 3572 se

197 3627 218 3666 n
227 3626 244 3666 rs
253 3639 382 3678 auecessary
420 3606 528 3665 audeat
542 3604 662 3665 dicere?
690 3605 750 3665 Sed
763 3615 831 3665 sunt
845 3624 906 3664 non
920 3607 1017 3666 nullae
1031 3607 1213 3684 disciplinae,

171 3677 383 3779 flffississiossii‘ssffil
420 3719 496 3777 quae
523 3698 680 3778 propositis
707 3700 854 3760 bonorum
877 3711 908 3761 et
934 3703 1078 3762 malorum
1105 3705 1259 3784 finibus35

219 3844 233 3891 3
250 3845 276 3878 se
288 3846 334 3879 am.
350 3830 387 3880 Or
399 3831 428 3880 St
435 3838 490 3882 cam
501 3831 567 3882 codd.
584 3835 594 3890 ΙΙ
608 3831 657 3895 4in
668 3830 717 3881 illis
727 3832 807 3881 maior
819 3831 896 3891 codd,
909 3847 970 3883 carr.
982 3832 1023 3882 Or.
1038 3836 1048 3891 ΙΙ
1063 3816 1213 3887 elaboraret

169 3909 200 3956 St
208 3925 263 3957 cam
274 3919 340 3960 caaa.
378 3915 388 3969 ΙΙ
424 3925 455 3974 23
466 3911 533 3962 volui
544 3912 651 3961 maxime
665 3912 702 3961 Or
711 3913 741 3961 St
749 3918 833 3962 contra
843 3913 908 3962 codri.
