2670 4296
190 220 243 272 114
439 196 489 258 De
505 199 674 259 contentibne
691 198 817 258 Honesti
833 205 861 258 et
884 198 972 259 Utilis
1045 195 1224 279 [IIIx1152

183 418 403 462 ,mmdfflffp
436 367 582 444 discipulo
610 366 681 439 eius,
709 367 824 428 homini
847 368 1036 430 acutissimo:
1070 369 1227 447 Antipatro

185 482 274 511 “⁸¹⁶⁵
302 469 402 519 “infime
436 464 536 525 omnia
556 463 769 541 patefacienda,
784 475 818 524 ut
838 483 876 524 ne
897 463 971 541 quid
991 464 1122 538 omnino,
1144 466 1227 542 quod

186 521 403 618 ffi‘e’lsioffitiffffss
436 561 572 621 venditor
592 560 677 634 norit,
691 572 807 637 emptor
827 560 957 638 ignoret3
980 560 1108 639 Diogeni
1127 562 1228 622 vendi-

186 619 403 761 fbtlffoiyttffgqffi:
436 668 541 729 torem,
555 669 707 735 ,quatenus
726 657 789 718 iure
808 658 887 718 civili
906 658 1098 720 constitutum
1119 659 1163 732 sit,
1186 657 1227 719 di-

186 733 214 761 m
240 733 274 761 ω
288 733 332 760 '¹¹⁶¹
372 727 402 769 Μ’
439 774 505 815 oere
518 754 588 815 vitia
602 766 744 832 oportere,
759 766 857 816 cetera
870 755 933 816 sine
952 757 1065 817 insidiis
1083 776 1168 834 agere
1187 762 1231 828 et,
1256 773 1270 822 5

187 849 328 927 quoniam
347 851 464 924 vendat,
484 853 560 913 velle
580 871 670 929 quam
691 863 813 928 optume
839 854 974 914 vendere
1019 853 1158 927 ‘Advexi,
1180 874 1228 914 ex-

186 947 280 1025 posui,
295 947 393 1007 vendo
411 966 512 1007 meum
531 967 593 1007 nori
611 946 702 1024 pluris
716 967 807 1024 quani
821 948 919 1022 ceteri,
935 950 1057 1009 fortasse
1070 949 1159 1009 etiam
1174 948 1227 1008 mi-

200 1066 401 1117 (ruerrirgumeia
437 1043 525 1117 noris,
541 1062 610 1103 cum
624 1042 719 1103 maior
731 1054 776 1105 est
789 1044 890 1121 copia:
905 1044 954 1103 cui
968 1046 1001 1105 lit
1014 1043 1149 1105 iniuria?’
1177 1061 1224 1121 52.

182 1117 399 1167 proandconinthts
519 1139 525 1152 ·
652 1139 658 1152 ·
727 1140 733 1153 ·
795 1140 801 1152 ·
1197 1140 1203 1152 .

187 1167 244 1216 mse)
398 1184 400 1190 ,
439 1143 575 1201 Exoritur
588 1144 735 1217 Antipatri
748 1152 823 1201 ratio
842 1161 879 1201 ex
896 1142 986 1202 altera
1004 1152 1103 1218 parte:
1126 1141 1227 1215 ‘Quid

186 1236 247 1297 ais?
267 1247 308 1310 tu,
323 1255 392 1296 cum
409 1236 580 1298 hominibus
598 1239 753 1298 consulere
773 1237 883 1297 debeas
902 1248 933 1297 et
953 1237 1058 1297 servire
1079 1237 1226 1312 humanae
1241 1264 1271 1300 10

185 1333 318 1396 societati
338 1353 433 1411 eaque
452 1337 518 1412 lege
537 1333 684 1395 natus'sis
704 1345 734 1395 et
755 1353 790 1395 ea
810 1336 919 1394 habeas
939 1334 1083 1412 principia
1096 1346 1225 1408 naturae,

185 1433 291 1510 quibus
311 1451 412 1509 parere
432 1443 462 1492 et
483 1453 559 1510 quae
579 1432 664 1510 sequi
684 1433 802 1505 debeas,
818 1442 851 1492 ut
869 1432 980 1492 utilitas
994 1443 1045 1491 tua
1059 1430 1226 1492 communis

185 1527 223 1588 sit
233 1527 341 1588 utilitas
354 1526 541 1604 vicissimque
555 1527 721 1586 communis
734 1526 844 1587 utilitas
854 1538 905 1586 tua
915 1527 960 1599 sit,
973 1527 1081 1587 celabis
1091 1527 1228 1588 homines

185 1625 258 1702 quid
271 1625 307 1685 iis
320 1624 398 1686 adsit
410 1625 632 1685 commoditatis
648 1636 677 1686 et
692 1625 825 1702 copiae?'
854 1625 1061 1701 Respondebit
1076 1625 1227 1702 Diogenes

185 1725 307 1784 fortasse
325 1722 380 1782 sic:
406 1721 511 1781 ‘Aliud
530 1732 574 1782 est
588 1724 691 1796 celare,
707 1722 790 1782 aliud
803 1733 907 1794 tacere,
924 1740 1020 1797 neque
1035 1740 1090 1797 ego
1104 1741 1184 1781 nunc
1198 1732 1227 1782 te
1242 1751 1270 1800 15

186 1823 260 1893 celo,
273 1821 297 1880 si
311 1820 364 1880 tibi
379 1839 440 1880 uon
454 1818 522 1879 dico
536 1838 612 1895 quae
627 1819 729 1879 natura
743 1821 866 1880 deorum
881 1817 991 1895 sit,qui
1005 1817 1041 1877 sit
1055 1817 1121 1878 finis
1134 1819 1228 1879 bono-

186 1935 259 1989 rum,
275 1935 352 1992 quae
365 1915 418 1975 tibi
432 1917 499 1992 plus
512 1916 687 1991 prodessent
701 1915 818 1992 cognita
833 1935 922 1992 quam
936 1913 1023 1974 tritici
1036 1914 1138 1974 vilitas
1167 1915 1227 1975 Sed

186 2031 248 2072 non
262 2012 408 2089 quidquid
418 2004 472 2072 tibi
482 2011 583 2071 audire
595 2011 666 2070 utile
681 2021 733 2084 est,
746 2011 777 2070 id
791 2011 864 2069 mihi
878 2011 975 2071 dicere
990 2031 1110 2072 necesse
1125 2013 1229 2072 est-’-

188 2127 234 2188 53.
265 2113 377 2171 ‘Immo
390 2113 472 2171 vero’
486 2111 599 2187 inquiet
614 2110 663 2171 ille
679 2102 812 2171 ‘necesse
826 2120 878 2182 est,
894 2109 918 2169 si
933 2109 1053 2186 quidem
1067 2110 1228 2171 meministi

188 2227 251 2269 esse
270 2207 346 2268 inter
363 2207 497 2268 homines
516 2219 620 2268 natura
638 2207 828 2267 coniunctam
843 2205 1227 2267 societatem.'-‘Memiui'
1241 2231 1273 2266 io

187 2303 301 2380 inquiet
319 2303 376 2375 ille,
393 2306 459 2365 ‘sed
477 2324 549 2362 num
568 2302 623 2364 ista
642 2303 767 2364 societas
786 2303 851 2364 talis
870 2314 922 2374 est,
938 2314 969 2362 ut
989 2302 1060 2360 nihil
1079 2322 1165 2362 suum
1179 2322 1228 2362 cu·

188 2399 291 2477 iusque
306 2399 360 2459 sit?
400 2400 491 2474 Quod
505 2400 529 2459 si
544 2398 584 2459 ita
598 2411 649 2472 est,
666 2419 704 2460 ne
720 2400 914 2459 vendundum
933 2398 1054 2474 quidem
1069 2398 1229 2476 quicquam

107 2511 177 2560 XIII
191 2509 243 2567 est,
258 2497 310 2556 sed
326 2497 517 2555 donandum'
557 2495 650 2556 Vides
664 2495 695 2554 in
708 2497 764 2554 hac
778 2506 840 2554 tota
854 2493 1066 2570 disceptatione
1081 2514 1141 2554 non
1154 2495 1230 2555 illud

189 2592 248 2652 dici
264 2592 419 2668 ‘Quamvis
439 2592 497 2650 hoc
514 2601 598 2667 turpe
617 2591 662 2663 sit,
677 2603 785 2663 tamen,
801 2591 942 2666 quoniam
958 2590 1084 2670 expedit,
1097 2590 1201 2650 faciam
1206 2593 1227 2664 ,·’

187 2678 241 2747 sed
255 2687 295 2746 ita
309 2686 456 2762 expedire,
472 2696 504 2744 ut
518 2696 602 2761 turpe
616 2705 677 2745 non
693 2685 728 2744 sit
735 2707 743 2760 ;
762 2706 799 2746 ex
817 2682 907 2745 altera
920 2696 1019 2744 autem
1032 2696 1123 2760 parte,
1139 2705 1174 2744 ea
1187 2706 1226 2759 re,
1242 2713 1273 2761 25

187 2788 267 2885 mgby
276 2828 399 2875 thamsthe
438 2783 507 2859 quia
520 2794 604 2861 turpe
619 2784 664 2856 sit,
680 2802 741 2842 non
759 2802 824 2842 esse
842 2782 1019 2842 faciendum.
1062 2797 1109 2857 54.
1151 2783 1229 2841 Ven-

187 2885 400 2926 Vend0r0f³¹¹0⁰⁵0
439 2882 490 2941 dat
511 2882 600 2941 aedes
621 2881 664 2940 vir
684 2880 780 2940 bonus
801 2892 921 2960 propter
941 2879 1039 2954 aliqua
1058 2877 1135 2951 vitia,
1151 2897 1228 2954 quae

187 2937 234 2975 who
240 2934 335 2976 conceals
341 2948 398 2974 some

187 2985 399 3077 iiiiifcsiiiirsm
437 2978 500 3056 ipse
514 2978 598 3050 norit,
614 2976 703 3038 ceteri
722 2977 864 3054 ignorent,
879 2976 1048 3053 pestilentes
1063 2975 1120 3034 sint
1135 2976 1229 3035 etha-

437 3077 561 3136 beantur
574 3077 711 3148 salubres,
727 3074 875 3150 ignoretur
888 3074 919 3133 in
934 3073 1070 3133 omnibus
1085 3072 1228 3132 cubiculis

186 3191 324 3249 apparere
349 3184 507 3248 serpentes,
533 3174 608 3231 male
629 3171 798 3232 materiatae
821 3174 887 3244 sirit,
909 3171 1150 3243 ruinosae-sed
1170 3172 1228 3230 hoc'
1243 3193 1275 3242 30

186 3280 300 3345 praeter
313 3268 467 3328 dominum
482 3288 569 3327 nemo
584 3268 671 3327 sciat:
693 3287 812 3344 quaem,
828 3267 853 3326 si
872 3268 945 3327 haec
965 3266 1145 3342 emptoribus
1159 3287 1230 3327 ven·

187 3366 264 3425 ditor
284 3384 344 3424 non
366 3363 471 3423 dixerit
492 3365 640 3440 aedesque
664 3363 830 3424 vendiderit
853 3363 942 3440 pluris
967 3365 1060 3422 multo
1085 3381 1174 3438 quam
1197 3383 1230 3424 se

187 3463 374 3524 venditurum
393 3461 508 3538 putarit,
524 3482 596 3520 num
615 3462 647 3522 id
667 3462 774 3539 iniuste
788 3472 838 3520 aut
852 3461 985 3536 improbe
1000 3459 1118 3521 fecerit?
1160 3462 1229 3521 ‘Ille

238 3640 267 3689 19
294 3624 367 3673 verba
387 3623 464 3672 immo
488 3624 548 3672 vero
569 3623 663 3686 inquiet
681 3622 723 3671 ille
741 3639 840 3672 necesse
862 3621 1008 3697 estdesuut
1030 3621 1059 3670 i'n
1080 3629 1125 3685 opt.
1150 3623 1226 3682 codd,

185 3705 281 3752 seclusit
298 3705 338 3752 Ba
374 3707 383 3760 ll
419 3718 447 3751 21
477 3703 619 3767 cuiusquam
639 3704 663 3750 Z
681 3702 718 3750 Or
735 3719 790 3750 erim
809 3703 902 3765 aliquot
919 3701 984 3749 codd.
1008 3702 1088 3762 ‘Quod
1103 3701 1128 3749 si
1149 3703 1230 3751 Cicero

186 3786 262 3835 dicere
277 3786 397 3841 voluisset,
412 3791 458 3831 aut
467 3784 528 3833 nihil
539 3785 682 3847 cuiusquam
697 3786 781 3832 omi'sso
792 3798 862 3832 suuni
873 3790 919 3830 aut
929 3783 991 3831 nihil
1002 3783 1144 3846 cuiusquam
1156 3800 1228 3834 suum

186 3865 344 3917 dixisset’st
377 3869 387 3923 ΙΙ
423 3880 454 3928 30
470 3865 691 3915 sintabestacodd.
730 3869 739 3922 ll
775 3880 806 3927 33
823 3865 849 3913 id
860 3879 907 3913 om.
922 3865 992 3915 OrZ
999 3881 1055 3914 cum
1065 3866 1133 3914 bonis
1141 3866 1207 3914 codd.
