2670 4296
186 227 245 267 -110
438 211 488 268 De
505 211 674 292 contentione,
687 210 810 269 Inmiti
827 217 854 267 et
878 211 965 270 cuttu
1072 204 1136 289 [111
1151 228 1173 269 x
1189 220 1228 283 40

186 377 317 453 quidem.
339 379 399 439 Sed
412 397 529 455 quaero,
546 380 628 454 quod
642 390 750 455 negant
764 398 858 455 posse,
874 379 906 439 id
919 378 944 438 si
960 390 1068 456 posset,
1084 380 1227 456 quidnam

186 475 336 535 facerent?
376 476 511 550 Urguent
539 473 645 534 rustice
673 494 751 534 sane.
795 477 912 552 Negant
936 475 1016 535 enim
1036 495 1123 552 posse
1144 487 1174 536 et
1194 475 1225 534 in

186 589 224 630 eo
244 581 381 648 perstant,
397 572 455 630 hoc
474 571 597 631 verbum
618 571 690 648 quid
709 573 806 631 valeat
823 591 885 631 non
902 571 1012 631 vident
1056 573 1134 632 Cum
1147 573 1227 633 enim

187 667 362 743 quaerimus,
378 667 402 727 si
422 669 517 727 celare
536 667 658 745 possint,
673 668 746 744 quid
766 667 868 727 facturi
888 668 954 740 sint,
971 688 1032 729 non
1050 668 1225 745 quaerimus,

185 763 337 840 possintne
356 767 459 836 celare,
474 767 528 825 sed
545 777 695 842 tamquam
714 778 861 827 tormenta
879 768 1024 843 quaedam
1039 767 1223 839 adhibemus,
1257 791 1271 838 5

186 872 227 935 ut,
259 861 283 922 si
309 863 513 938 responderint
547 883 579 924 se
606 863 779 940 impunitate
813 863 963 940 proposita
989 866 1115 923 facturos
1143 866 1226 941 quod

186 959 330 1035 expediat,
362 960 541 1021 facinorosos
569 981 600 1021 se
628 981 692 1021 esse
726 963 887 1034 fateantur;
921 961 946 1020 si
980 972 1096 1038 negent,
1125 962 1225 1022 omnia

185 1056 282 1133 turpia
309 1076 361 1133 per
388 1078 420 1118 se
448 1058 512 1134 ipsa
539 1060 677 1136 fugienda
705 1079 769 1120 esse
798 1060 970 1121 concedant
1014 1061 1073 1120 Sed
1101 1059 1159 1119 iam
1187 1062 1227 1120 ad

186 1155 367 1232 propositum
381 1168 564 1216 revertamur.

147 1289 173 1339 x
210 1301 280 1342 mere
295 1315 330 1342 m
343 1315 400 1342 some
494 1275 541 1328 40.
586 1255 725 1316 Incidunt
751 1258 861 1326 multae
888 1275 977 1332 saepe
1005 1275 1119 1328 causae,
1149 1256 1224 1332 quae
1243 1271 1270 1306 ¹0

186 1351 308 1402 aculem&
337 1352 402 1393 ΟΜ
435 1352 612 1412 conturbent
634 1351 748 1412 animos
770 1351 902 1411 utilitatis
928 1351 1033 1427 specie,
1061 1356 1130 1425 non,
1155 1372 1225 1411 cum

154 1495 158 1503 ,
184 1402 402 1492 liillllmff‘isslb‘!
436 1448 494 1506 hoc
527 1448 712 1532 deliberatur,
748 1447 980 1524 relinquendane
1014 1447 1051 1507 sit
1086 1450 1224 1508 honestas

184 1503 399 1612 'tibiiybxepediioiailci
433 1555 552 1621 propter
579 1543 710 1603 utilitatis
737 1544 1081 1621 magnitudinem—nam
1109 1544 1140 1603 id
1164 1544 1226 1621 qui·

184 1603 322 1654 mmm
434 1641 504 1699 dem
518 1640 685 1716 improbum
697 1650 789 1712 est-,
802 1641 854 1700 sed
865 1640 947 1712 illud,
957 1639 1088 1715 possitne
1099 1640 1224 1716 idquod

183 1734 255 1796 utile
285 1736 423 1808 videatur,
444 1736 505 1796 fieri
533 1757 594 1796 non
621 1736 749 1813 turpiter.
793 1738 871 1797 Cum
908 1736 1058 1796 Collatino
1093 1738 1223 1813 collegae
1239 1754 1266 1803 15

208 1853 263 1894 rue
301 1852 395 1894 nestra
435 1838 541 1894 Brutus
577 1832 732 1908 imperium
772 1833 939 1909 abrogabat,
978 1844 1093 1908 poterat
1130 1832 1223 1892 videri

181 1903 395 1954 offlonnurAEm·
550 1929 556 1941 .
602 1929 639 1940 ..
895 1929 900 1940 .
949 1929 955 1941 .
1045 1930 1050 1939 .

182 1954 243 2044 Bne,
275 1964 314 1994 etc.
345 1967 394 2003 may
433 1933 527 1990 facere
548 1930 580 1989 rd
600 1939 719 1989 iniuste:
741 1930 833 1988 fuerat
854 1948 933 1987 emm
947 1949 978 1987 m
992 1930 1107 2006 regibus
1129 1931 1223 2005 expel-

182 2003 240 2094 ,iffid
249 2003 322 2094 ῃῗζῗέ
335 2017 394 2093 {biit
431 2026 527 2087 lendis
542 2025 638 2085 socius
655 2024 737 2084 Bruti
751 2024 939 2084 consiliorum
953 2037 982 2084 et
997 2025 1120 2085 adiutor.
1144 2026 1222 2086 Cum

179 2103 345 2205 }²,‡3³{{{¹‡‘0²fb⁰2¹¹‡
359 2104 394 2193 {¹¹05
431 2136 531 2182 autem
552 2121 707 2181 consilium
728 2123 787 2180 hoc
806 2120 952 2197 principes
976 2121 1131 2198 cepissent,
1157 2141 1223 2198 cog·

182 2205 395 2295 {jffiqssssgs‘ffiff
432 2219 582 2278 nationem
607 2217 732 2293 Superbi
752 2236 922 2293 nomenque
944 2218 1171 2294 Tarquiniorum
1192 2229 1220 2278 et
1235 2238 1266 2272 το

182 2305 376 2356 ingcotmrmus,
431 2315 603 2374 memoriam
630 2313 712 2390 regni
741 2333 805 2373 esse
837 2315 1007 2384 tollendam,
1044 2315 1125 2390 quod
1160 2325 1221 2374 erat

182 2411 260 2484 utile,
282 2410 392 2488 patriae
412 2413 573 2483 consulere,
596 2410 627 2469 id
655 2421 715 2469 erat
739 2409 780 2469 ita
803 2411 969 2481 honestum,
993 2420 1027 2469 ut
1051 2407 1140 2470 etiam
1164 2410 1221 2487 ipsi

182 2508 330 2568 Collatino
345 2510 459 2584 placere
478 2509 608 2568 deberet.
650 2510 756 2583 ltaque
781 2506 890 2565 utilitas
914 2506 1004 2566 valuit
1028 2519 1147 2584 propter
1170 2509 1222 2567 ho

181 2616 333 2675 nestatem,
349 2604 412 2662 sine
428 2623 486 2679 qua
500 2623 537 2663 ne
552 2602 661 2663 utilitas
676 2603 797 2679 quidem
811 2622 875 2662 esse
894 2604 1045 2679 potuisset
1089 2624 1136 2676 41.
1179 2606 1220 2664 At

430 2699 460 2757 in
489 2720 526 2759 eo
555 2719 629 2776 rege,
661 2698 713 2775 qui
741 2699 845 2759 urbem
873 2699 1016 2772 condidit,
1048 2719 1109 2760 non
1138 2699 1217 2761 item.
1233 2719 1261 2767 ²5

180 2777 393 2878 ἳζῗζξξζῗῗξαξξῗζ
431 2796 550 2872 Species
578 2795 657 2854 enim
685 2794 816 2854 utilitatis
844 2795 975 2854 animum
1003 2797 1116 2872 pepulit
1143 2797 1219 2857 eius:

178 2879 392 2978 ξξζζξῗοῇῗάξξωζζῖ
430 2893 478 2953 cui
499 2912 568 2951 cum
588 2891 682 2951 visum
707 2901 783 2952 esset
804 2891 903 2950 utilius
924 2894 1020 2950 solum
1041 2913 1129 2969 quam
1151 2913 1219 2953 cum

180 2978 394 3070 ssffffiffleglhffss
432 2991 523 3048 altero
547 3007 676 3064 regnare,
702 2989 818 3046 fratrem
842 2987 996 3047 interemit.
1040 2988 1148 3048 Omisit
1171 2989 1220 3048 hic

180 3079 269 3122 ΝΟΜ·
430 3097 461 3146 et
482 3085 622 3162 pietatem
645 3095 674 3144 et
697 3083 919 3156 humanitatem,
934 3096 967 3143 ut
988 3084 1028 3158 id,
1044 3087 1126 3162 quod
1148 3086 1219 3146 utile

177 3184 331 3244 videbatur
352 3202 449 3258 neque
472 3193 541 3253 erat,
563 3179 679 3256 assequi
701 3181 808 3256 posset,
830 3191 860 3239 et
880 3190 980 3239 tamen
1002 3181 1077 3240 muri
1099 3200 1219 3241 causam
1232 3201 1264 3250 30

179 3279 325 3356 opposuit,
351 3278 480 3355 speciem
503 3276 665 3336 honestatis
689 3296 745 3336 nec
769 3276 950 3352 probabilem
975 3296 1031 3336 nec
1059 3297 1129 3337 sane
1157 3277 1219 3337 ido
1290 3344 1293 3350 ¹

176 3395 271 3436 neam.
334 3395 381 3447 42.
414 3373 550 3434 Peccavit
577 3372 672 3450 igitur,
700 3391 775 3448 pace
804 3373 851 3432 vel
879 3372 995 3448 Quirini
1021 3375 1069 3433 vel
1097 3375 1218 3433 Romuli

177 3471 308 3532 dixerim.
350 3472 379 3528 N
382 3491 416 3530 ec
435 3481 533 3529 tarnen
552 3479 668 3528 nostrae
687 3468 773 3528 nobis
793 3461 933 3529 utilitates
954 3468 1136 3530 omittendae
1150 3482 1218 3530 sunt

176 3567 297 3643 aliisque
324 3566 494 3637 tradendae,
515 3584 585 3623 cum
613 3565 647 3624 iis
674 3564 730 3640 ipsi
759 3584 906 3642 egeamus,
928 3566 982 3626 sed
1011 3585 1081 3626 suae
1110 3565 1217 3642 cuique

176 3663 300 3736 utilitati,
316 3662 399 3739 quod
420 3661 483 3721 sine
505 3660 622 3720 alterius
644 3659 749 3719 iniuria
768 3662 826 3734 fiat,
842 3660 1029 3720 serviendum
1044 3674 1096 3721 est.
1139 3662 1217 3725 Scite
1232 3684 1260 3732 35

225 3794 252 3830 12
270 3779 418 3829 deliberetur
427 3779 506 3842 vulgro,
520 3780 669 3830 deliberatur
682 3780 826 3842 Heumann,
840 3782 919 3830 Heine
953 3785 963 3838 ll
993 3796 1021 3843 31
1035 3797 1114 3846 neque
1126 3781 1212 3846 proba·

176 3861 250 3910 bilem
264 3862 301 3910 Or
309 3868 392 3909 contra
402 3860 465 3911 codd.
504 3865 514 3919 ΙΙ
551 3873 579 3923 35
597 3861 679 3926 quoad
690 3864 743 3915 sine
754 3863 873 3910 Halntius
883 3863 934 3920 coll.
948 3868 1002 3924 §43
1014 3863 1031 3910 l.
1045 3879 1076 3912 ro
