<?xml version="1.0" encoding="UTF-8"?>
<!DOCTYPE html PUBLIC "-//W3C//DTD XHTML 1.0 Transitional//EN"
    "http://www.w3.org/TR/xhtml1/DTD/xhtml1-transitional.dtd">
<html xmlns="http://www.w3.org/1999/xhtml" xml:lang="en" lang="en">
 <head>
  <title>
</title>
<meta http-equiv="Content-Type" content="text/html;charset=utf-8" />
  <meta name='ocr-system' content='tesseract 3.04.00' />
  <meta name='ocr-capabilities' content='ocr_page ocr_carea ocr_par ocr_line ocrx_word'/>
</head>
<body>
  <div class='ocr_page' id='page_1' title='image "./mtciceronisdeof00cicegoog_0062.png"; bbox 0 0 2670 4296; ppageno 0'>
   <div class='ocr_carea' id='block_1_1' title="bbox 110 225 1178 309">
    <p class='ocr_par' dir='ltr' id='par_1_1' title="bbox 110 225 1178 309">
     <span class='ocr_line' id='line_1_1' title="bbox 110 225 1178 309; baseline -0.006 -19"><span class='ocrx_word' id='word_1_1' title='bbox 110 230 124 290; x_wconf 94' lang='lat'>1</span> <span class='ocrx_word' id='word_1_2' title='bbox 139 245 198 289; x_wconf 86' lang='lat' dir='ltr'><strong>vm</strong></span> <span class='ocrx_word' id='word_1_3' title='bbox 214 248 229 287; x_wconf 91' lang='lat'>2</span> <span class='ocrx_word' id='word_1_4' title='bbox 234 225 264 309; x_wconf 86' lang='lat'><strong>5]</strong></span> <span class='ocrx_word' id='word_1_5' title='bbox 452 226 618 286; x_wconf 79' lang='lat' dir='ltr'><em>Iniustitiae</em></span> <span class='ocrx_word' id='word_1_6' title='bbox 635 225 691 284; x_wconf 82' lang='lat' dir='ltr'><strong>duo</strong></span> <span class='ocrx_word' id='word_1_7' title='bbox 706 243 809 300; x_wconf 82' lang='lat' dir='ltr'><strong>genera</strong></span> <span class='ocrx_word' id='word_1_8' title='bbox 1114 245 1148 285; x_wconf 86' lang='lat' dir='ltr'><strong>rr</strong></span> <span class='ocrx_word' id='word_1_9' title='bbox 1173 240 1178 248; x_wconf 81' lang='grc'><strong><em>’</em></strong></span> 
     </span>
    </p>
   </div>
   <div class='ocr_carea' id='block_1_2' title="bbox 107 392 1152 662">
    <p class='ocr_par' dir='ltr' id='par_1_2' title="bbox 107 392 1152 662">
     <span class='ocr_line' id='line_1_2' title="bbox 107 392 1151 466; baseline 0 -13"><span class='ocrx_word' id='word_1_10' title='bbox 107 394 147 454; x_wconf 93' lang='lat' dir='ltr'><strong>ad</strong></span> <span class='ocrx_word' id='word_1_11' title='bbox 174 413 261 454; x_wconf 90' lang='lat' dir='ltr'><strong>usum</strong></span> <span class='ocrx_word' id='word_1_12' title='bbox 287 393 443 453; x_wconf 91' lang='lat' dir='ltr'><strong>hominum</strong></span> <span class='ocrx_word' id='word_1_13' title='bbox 470 392 570 452; x_wconf 90' lang='lat' dir='ltr'><strong>omnia</strong></span> <span class='ocrx_word' id='word_1_14' title='bbox 596 392 695 466; x_wconf 88' lang='lat' dir='ltr'><strong>creari,</strong></span> <span class='ocrx_word' id='word_1_15' title='bbox 716 392 853 452; x_wconf 90' lang='lat' dir='ltr'><strong>homines</strong></span> <span class='ocrx_word' id='word_1_16' title='bbox 876 403 976 452; x_wconf 89' lang='lat' dir='ltr'><strong>autem</strong></span> <span class='ocrx_word' id='word_1_17' title='bbox 996 393 1151 453; x_wconf 91' lang='lat' dir='ltr'><strong>hominurn</strong></span> 
     </span>
     <span class='ocr_line' id='line_1_3' title="bbox 108 486 1152 570; baseline 0.001 -20"><span class='ocrx_word' id='word_1_18' title='bbox 108 509 211 550; x_wconf 88' lang='lat' dir='ltr'>caussa</span> <span class='ocrx_word' id='word_1_19' title='bbox 223 509 288 550; x_wconf 91' lang='lat' dir='ltr'><strong>esse</strong></span> <span class='ocrx_word' id='word_1_20' title='bbox 301 500 463 568; x_wconf 87' lang='lat' dir='ltr'><strong>generatos,</strong></span> <span class='ocrx_word' id='word_1_21' title='bbox 478 501 510 548; x_wconf 93' lang='lat' dir='ltr'><strong>ut</strong></span> <span class='ocrx_word' id='word_1_22' title='bbox 524 489 580 565; x_wconf 91' lang='lat' dir='ltr'><strong>ipsi</strong></span> <span class='ocrx_word' id='word_1_23' title='bbox 598 489 673 549; x_wconf 90' lang='lat' dir='ltr'><strong>inter</strong></span> <span class='ocrx_word' id='word_1_24' title='bbox 692 509 723 549; x_wconf 91' lang='lat' dir='ltr'><strong>se</strong></span> <span class='ocrx_word' id='word_1_25' title='bbox 745 486 820 570; x_wconf 83' lang='lat' dir='ltr'><strong>[aliis</strong></span> <span class='ocrx_word' id='word_1_26' title='bbox 840 486 901 569; x_wconf 88' lang='lat' dir='ltr'><strong>alii]</strong></span> <span class='ocrx_word' id='word_1_27' title='bbox 926 491 1066 565; x_wconf 87' lang='lat' dir='ltr'><strong>prodesse</strong></span> <span class='ocrx_word' id='word_1_28' title='bbox 1086 510 1152 567; x_wconf 90' lang='lat' dir='ltr'><strong>pos·</strong></span> 
     </span>
     <span class='ocr_line' id='line_1_4' title="bbox 119 584 1149 662; baseline -0.007 -12"><span class='ocrx_word' id='word_1_29' title='bbox 119 607 309 658; x_wconf 69' lang='lat' dir='ltr'><strong>raseoenaauty:</strong></span> <span class='ocrx_word' id='word_1_30' title='bbox 356 596 430 659; x_wconf 87' lang='lat' dir='ltr'><strong>sent,</strong></span> <span class='ocrx_word' id='word_1_31' title='bbox 458 585 489 644; x_wconf 91' lang='lat' dir='ltr'><strong>in</strong></span> <span class='ocrx_word' id='word_1_32' title='bbox 510 586 569 645; x_wconf 88' lang='lat' dir='ltr'><strong>hoc</strong></span> <span class='ocrx_word' id='word_1_33' title='bbox 592 596 726 644; x_wconf 90' lang='lat' dir='ltr'><strong>naturam</strong></span> <span class='ocrx_word' id='word_1_34' title='bbox 754 586 896 645; x_wconf 84' lang='lat' dir='ltr'><strong>debemus</strong></span> <span class='ocrx_word' id='word_1_35' title='bbox 923 586 1031 645; x_wconf 92' lang='lat' dir='ltr'><strong>ducem</strong></span> <span class='ocrx_word' id='word_1_36' title='bbox 1058 584 1149 662; x_wconf 92' lang='lat' dir='ltr'><strong>sequi,</strong></span> 
     </span>
    </p>
   </div>
   <div class='ocr_carea' id='block_1_3' title="bbox 108 658 1149 760">
    <p class='ocr_par' dir='ltr' id='par_1_3' title="bbox 108 658 1149 760">
     <span class='ocr_line' id='line_1_5' title="bbox 108 658 1149 760; baseline -0.009 -11"><span class='ocrx_word' id='word_1_37' title='bbox 108 658 318 760; x_wconf 58' lang='lat' dir='ltr'><strong>giiiiino‘ii</strong></span> <span class='ocrx_word' id='word_1_38' title='bbox 357 699 530 740; x_wconf 91' lang='lat' dir='ltr'><strong>communes</strong></span> <span class='ocrx_word' id='word_1_39' title='bbox 557 679 695 740; x_wconf 84' lang='lat' dir='ltr'><strong>utilitates</strong></span> <span class='ocrx_word' id='word_1_40' title='bbox 723 679 754 739; x_wconf 92' lang='lat' dir='ltr'><strong>in</strong></span> <span class='ocrx_word' id='word_1_41' title='bbox 781 679 913 739; x_wconf 90' lang='lat' dir='ltr'><strong>medium</strong></span> <span class='ocrx_word' id='word_1_42' title='bbox 935 681 1037 740; x_wconf 86' lang='lat' dir='ltr'><strong>afferre</strong></span> <span class='ocrx_word' id='word_1_43' title='bbox 1057 693 1149 740; x_wconf 89' lang='lat' dir='ltr'><strong>muta·</strong></span> 
     </span>
    </p>
   </div>
   <div class='ocr_carea' id='block_1_4' title="bbox 13 757 1193 2295">
    <p class='ocr_par' dir='ltr' id='par_1_4' title="bbox 13 757 1193 2295">
     <span class='ocr_line' id='line_1_6' title="bbox 108 757 1193 858; baseline 0.001 -22"><span class='ocrx_word' id='word_1_44' title='bbox 108 757 318 858; x_wconf 55' lang='lat' dir='ltr'><strong>fsswffs’ynffh‘ss</strong></span> <span class='ocrx_word' id='word_1_45' title='bbox 354 776 435 837; x_wconf 92' lang='lat' dir='ltr'><strong>tione</strong></span> <span class='ocrx_word' id='word_1_46' title='bbox 456 776 626 850; x_wconf 88' lang='lat' dir='ltr'><strong>officiorum,</strong></span> <span class='ocrx_word' id='word_1_47' title='bbox 642 777 742 836; x_wconf 92' lang='lat' dir='ltr'><strong>dando</strong></span> <span class='ocrx_word' id='word_1_48' title='bbox 756 775 939 852; x_wconf 87' lang='lat' dir='ltr'><strong>accipiendo,</strong></span> <span class='ocrx_word' id='word_1_49' title='bbox 954 787 1016 835; x_wconf 90' lang='lat' dir='ltr'><strong>tum</strong></span> <span class='ocrx_word' id='word_1_50' title='bbox 1030 777 1148 851; x_wconf 90' lang='lat' dir='ltr'><strong>artibus,</strong></span> <span class='ocrx_word' id='word_1_51' title='bbox 1180 798 1193 845; x_wconf 81' lang='lat'>5</span> 
     </span>
     <span class='ocr_line' id='line_1_7' title="bbox 108 821 1150 972; baseline -0.001 -39"><span class='ocrx_word' id='word_1_52' title='bbox 108 821 320 972; x_wconf 42' lang='grc' dir='ltr'><strong>Ρῇζζὲζῇ</strong></span> <span class='ocrx_word' id='word_1_53' title='bbox 356 883 420 933; x_wconf 89' lang='lat' dir='ltr'><strong>tum</strong></span> <span class='ocrx_word' id='word_1_54' title='bbox 433 892 530 949; x_wconf 80' lang='lat' dir='ltr'><strong>opera,</strong></span> <span class='ocrx_word' id='word_1_55' title='bbox 545 882 610 931; x_wconf 92' lang='lat' dir='ltr'><strong>tum</strong></span> <span class='ocrx_word' id='word_1_56' title='bbox 623 871 808 931; x_wconf 88' lang='lat' dir='ltr'><strong>facultatibus</strong></span> <span class='ocrx_word' id='word_1_57' title='bbox 827 871 975 931; x_wconf 88' lang='lat' dir='ltr'><strong>devincire</strong></span> <span class='ocrx_word' id='word_1_58' title='bbox 995 872 1150 932; x_wconf 90' lang='lat' dir='ltr'><strong>hominum</strong></span> 
     </span>
     <span class='ocr_line' id='line_1_8' title="bbox 108 966 1149 1041; baseline 0.004 -18"><span class='ocrx_word' id='word_1_59' title='bbox 108 972 317 1023; x_wconf 69' lang='lat' dir='ltr'><strong>soeagooaraou</strong></span> <span class='ocrx_word' id='word_1_60' title='bbox 356 967 431 1027; x_wconf 90' lang='lat' dir='ltr'><strong>inter</strong></span> <span class='ocrx_word' id='word_1_61' title='bbox 450 967 585 1027; x_wconf 89' lang='lat' dir='ltr'><strong>homines</strong></span> <span class='ocrx_word' id='word_1_62' title='bbox 599 966 777 1026; x_wconf 88' lang='lat' dir='ltr'><strong>societatem.</strong></span> <span class='ocrx_word' id='word_1_63' title='bbox 823 986 867 1041; x_wconf 83' lang='lat'><strong>23·</strong></span> <span class='ocrx_word' id='word_1_64' title='bbox 911 968 1149 1028; x_wconf 86' lang='lat' dir='ltr'><strong>Fundamentum</strong></span> 
     </span>
     <span class='ocr_line' id='line_1_9' title="bbox 106 1060 1150 1147; baseline 0 -24"><span class='ocrx_word' id='word_1_65' title='bbox 106 1074 206 1124; x_wconf 90' lang='lat' dir='ltr'><strong>autern</strong></span> <span class='ocrx_word' id='word_1_66' title='bbox 214 1075 258 1124; x_wconf 89' lang='lat' dir='ltr'><strong>est</strong></span> <span class='ocrx_word' id='word_1_67' title='bbox 267 1062 392 1124; x_wconf 90' lang='lat' dir='ltr'><strong>iustitiae</strong></span> <span class='ocrx_word' id='word_1_68' title='bbox 400 1063 519 1135; x_wconf 87' lang='lat' dir='ltr'><strong>fides,id</strong></span> <span class='ocrx_word' id='word_1_69' title='bbox 528 1060 572 1123; x_wconf 76' lang='lat' dir='ltr'><strong>es‘t</strong></span> <span class='ocrx_word' id='word_1_70' title='bbox 581 1063 726 1122; x_wconf 88' lang='lat' dir='ltr'><strong>dictorum</strong></span> <span class='ocrx_word' id='word_1_71' title='bbox 735 1074 1007 1147; x_wconf 87' lang='lat' dir='ltr'><strong>conventorumque</strong></span> <span class='ocrx_word' id='word_1_72' title='bbox 1015 1075 1150 1123; x_wconf 88' lang='lat' dir='ltr'><strong>constan·</strong></span> 
     </span>
     <span class='ocr_line' id='line_1_10' title="bbox 107 1159 1149 1236; baseline -0.003 -14"><span class='ocrx_word' id='word_1_73' title='bbox 107 1161 148 1221; x_wconf 87' lang='lat' dir='ltr'><strong>tia</strong></span> <span class='ocrx_word' id='word_1_74' title='bbox 160 1172 190 1222; x_wconf 92' lang='lat' dir='ltr'><strong>et</strong></span> <span class='ocrx_word' id='word_1_75' title='bbox 198 1160 310 1220; x_wconf 88' lang='lat' dir='ltr'><strong>veritas.</strong></span> <span class='ocrx_word' id='word_1_76' title='bbox 340 1162 386 1219; x_wconf 86' lang='lat' dir='ltr'><strong>Ex</strong></span> <span class='ocrx_word' id='word_1_77' title='bbox 394 1178 462 1236; x_wconf 93' lang='lat' dir='ltr'><strong>quo,</strong></span> <span class='ocrx_word' id='word_1_78' title='bbox 475 1178 656 1235; x_wconf 90' lang='lat' dir='ltr'><strong>quamquam</strong></span> <span class='ocrx_word' id='word_1_79' title='bbox 666 1160 725 1218; x_wconf 92' lang='lat' dir='ltr'><strong>hoc</strong></span> <span class='ocrx_word' id='word_1_80' title='bbox 732 1159 880 1219; x_wconf 89' lang='lat' dir='ltr'><strong>videbitur</strong></span> <span class='ocrx_word' id='word_1_81' title='bbox 890 1161 1011 1219; x_wconf 83' lang='lat' dir='ltr'><strong>sortasse</strong></span> <span class='ocrx_word' id='word_1_82' title='bbox 1020 1159 1149 1236; x_wconf 90' lang='lat' dir='ltr'><strong>cuipiam</strong></span> 
     </span>
     <span class='ocr_line' id='line_1_11' title="bbox 108 1255 1193 1332; baseline -0.005 -13"><span class='ocrx_word' id='word_1_83' title='bbox 108 1259 217 1332; x_wconf 89' lang='lat' dir='ltr'><strong>durius,</strong></span> <span class='ocrx_word' id='word_1_84' title='bbox 232 1269 331 1318; x_wconf 89' lang='lat' dir='ltr'><strong>tamen</strong></span> <span class='ocrx_word' id='word_1_85' title='bbox 345 1257 505 1314; x_wconf 85' lang='lat' dir='ltr'><strong>audeamus</strong></span> <span class='ocrx_word' id='word_1_86' title='bbox 518 1255 625 1314; x_wconf 88' lang='lat' dir='ltr'><strong>imitari</strong></span> <span class='ocrx_word' id='word_1_87' title='bbox 639 1255 763 1329; x_wconf 78' lang='lat' dir='ltr'><strong>StoicoS,</strong></span> <span class='ocrx_word' id='word_1_88' title='bbox 779 1255 830 1331; x_wconf 88' lang='lat' dir='ltr'><strong>qui</strong></span> <span class='ocrx_word' id='word_1_89' title='bbox 843 1255 974 1314; x_wconf 90' lang='lat' dir='ltr'><strong>studiose</strong></span> <span class='ocrx_word' id='word_1_90' title='bbox 993 1256 1148 1332; x_wconf 83' lang='lat' dir='ltr'><strong>exquirunt</strong></span> <span class='ocrx_word' id='word_1_91' title='bbox 1164 1279 1193 1314; x_wconf 87' lang='lat'><strong>10</strong></span> 
     </span>
     <span class='ocr_line' id='line_1_12' title="bbox 13 1351 1148 1433; baseline -0.004 -18"><span class='ocrx_word' id='word_1_92' title='bbox 13 1429 15 1433; x_wconf 18' lang='grc' dir='ltr'>Ι</span> <span class='ocrx_word' id='word_1_93' title='bbox 107 1357 187 1416; x_wconf 90' lang='lat' dir='ltr'><strong>unde</strong></span> <span class='ocrx_word' id='word_1_94' title='bbox 207 1355 296 1414; x_wconf 91' lang='lat' dir='ltr'><strong>verba</strong></span> <span class='ocrx_word' id='word_1_95' title='bbox 313 1351 371 1411; x_wconf 89' lang='lat' dir='ltr'><strong>sint</strong></span> <span class='ocrx_word' id='word_1_96' title='bbox 391 1352 488 1425; x_wconf 82' lang='lat' dir='ltr'><strong>ducta,</strong></span> <span class='ocrx_word' id='word_1_97' title='bbox 508 1352 729 1427; x_wconf 87' lang='lat' dir='ltr'><strong>credamusque,</strong></span> <span class='ocrx_word' id='word_1_98' title='bbox 745 1351 814 1428; x_wconf 90' lang='lat' dir='ltr'><strong>quia</strong></span> <span class='ocrx_word' id='word_1_99' title='bbox 829 1352 912 1409; x_wconf 90' lang='lat' dir='ltr'><strong>‘fiat&#39;</strong></span> <span class='ocrx_word' id='word_1_100' title='bbox 933 1352 1015 1427; x_wconf 94' lang='lat' dir='ltr'><strong>quod</strong></span> <span class='ocrx_word' id='word_1_101' title='bbox 1035 1351 1148 1411; x_wconf 89' lang='lat' dir='ltr'><strong>dictum</strong></span> 
     </span>
     <span class='ocr_line' id='line_1_13' title="bbox 109 1448 725 1526; baseline -0.018 -9"><span class='ocrx_word' id='word_1_102' title='bbox 109 1474 162 1517; x_wconf 43' lang='lat' dir='ltr'><strong>‘or</strong></span> <span class='ocrx_word' id='word_1_103' title='bbox 176 1473 307 1526; x_wconf 79' lang='lat' dir='ltr'><strong>Injustice</strong></span> <span class='ocrx_word' id='word_1_104' title='bbox 356 1457 409 1521; x_wconf 84' lang='lat' dir='ltr'><strong>est,</strong></span> <span class='ocrx_word' id='word_1_105' title='bbox 431 1448 725 1524; x_wconf 65' lang='lat' dir='ltr'><strong>appellatamxfidem</strong></span> 
     </span>
     <span class='ocr_line' id='line_1_14' title="bbox 106 1543 1192 1620; baseline -0.001 -16"><span class='ocrx_word' id='word_1_106' title='bbox 106 1573 166 1616; x_wconf 55' lang='lat' dir='ltr'><strong>the„</strong></span> <span class='ocrx_word' id='word_1_107' title='bbox 204 1587 240 1615; x_wconf 50' lang='grc' dir='ltr'><strong>η,</strong></span> <span class='ocrx_word' id='word_1_108' title='bbox 277 1582 319 1616; x_wconf 78' lang='lat' dir='ltr'><strong>two</strong></span> <span class='ocrx_word' id='word_1_109' title='bbox 414 1546 473 1604; x_wconf 90' lang='lat' dir='ltr'><strong>Sed</strong></span> <span class='ocrx_word' id='word_1_110' title='bbox 482 1543 637 1603; x_wconf 91' lang='lat' dir='ltr'><strong>iniustitiae</strong></span> <span class='ocrx_word' id='word_1_111' title='bbox 648 1563 755 1620; x_wconf 88' lang='lat' dir='ltr'><strong>genera</strong></span> <span class='ocrx_word' id='word_1_112' title='bbox 765 1543 825 1603; x_wconf 93' lang='lat' dir='ltr'><strong>duo</strong></span> <span class='ocrx_word' id='word_1_113' title='bbox 836 1552 921 1603; x_wconf 90' lang='lat' dir='ltr'><strong>sunt:</strong></span> <span class='ocrx_word' id='word_1_114' title='bbox 941 1561 1035 1601; x_wconf 89' lang='lat' dir='ltr'><strong>unum</strong></span> <span class='ocrx_word' id='word_1_115' title='bbox 1045 1563 1148 1603; x_wconf 89' lang='lat' dir='ltr'><strong>eorum</strong></span> <span class='ocrx_word' id='word_1_116' title='bbox 1188 1583 1192 1587; x_wconf 91' lang='lat'><em>-</em></span> 
     </span>
     <span class='ocr_line' id='line_1_15' title="bbox 106 1625 1147 1724; baseline 0.001 -24"><span class='ocrx_word' id='word_1_117' title='bbox 106 1625 320 1724; x_wconf 49' lang='lat' dir='ltr'><strong>{ffssssssljffiffl</strong></span> <span class='ocrx_word' id='word_1_118' title='bbox 355 1640 406 1719; x_wconf 94' lang='lat' dir='ltr'><strong>qui</strong></span> <span class='ocrx_word' id='word_1_119' title='bbox 426 1641 562 1713; x_wconf 85' lang='lat' dir='ltr'><strong>inferunt,</strong></span> <span class='ocrx_word' id='word_1_120' title='bbox 584 1641 708 1700; x_wconf 90' lang='lat' dir='ltr'><strong>alterum</strong></span> <span class='ocrx_word' id='word_1_121' title='bbox 728 1659 830 1700; x_wconf 87' lang='lat' dir='ltr'><strong>eorum</strong></span> <span class='ocrx_word' id='word_1_122' title='bbox 853 1639 903 1715; x_wconf 91' lang='lat' dir='ltr'><strong>qui</strong></span> <span class='ocrx_word' id='word_1_123' title='bbox 924 1640 962 1698; x_wconf 96' lang='lat' dir='ltr'><strong>ab</strong></span> <span class='ocrx_word' id='word_1_124' title='bbox 982 1639 1018 1698; x_wconf 91' lang='lat' dir='ltr'><strong>iis</strong></span> <span class='ocrx_word' id='word_1_125' title='bbox 1038 1640 1147 1716; x_wconf 91' lang='lat' dir='ltr'><strong>quibus</strong></span> 
     </span>
     <span class='ocr_line' id='line_1_16' title="bbox 106 1726 1189 1815; baseline 0.002 -17"><span class='ocrx_word' id='word_1_126' title='bbox 106 1726 310 1768; x_wconf 56' lang='lat' dir='ltr'><strong>⁰²h“⁰s⁰”¹‘&#39;⁸⁸‘⁰&#39;²</strong></span> <span class='ocrx_word' id='word_1_127' title='bbox 354 1739 481 1812; x_wconf 88' lang='lat' dir='ltr'><strong>infertur,</strong></span> <span class='ocrx_word' id='word_1_128' title='bbox 512 1738 537 1798; x_wconf 93' lang='lat' dir='ltr'><strong>si</strong></span> <span class='ocrx_word' id='word_1_129' title='bbox 557 1749 688 1815; x_wconf 87' lang='lat' dir='ltr'><strong>possunt,</strong></span> <span class='ocrx_word' id='word_1_130' title='bbox 716 1758 778 1797; x_wconf 92' lang='lat' dir='ltr'><strong>non</strong></span> <span class='ocrx_word' id='word_1_131' title='bbox 804 1738 975 1813; x_wconf 86' lang='lat' dir='ltr'><strong>propulsant</strong></span> <span class='ocrx_word' id='word_1_132' title='bbox 1002 1737 1144 1798; x_wconf 88' lang='lat' dir='ltr'><strong>iniuriam.</strong></span> <span class='ocrx_word' id='word_1_133' title='bbox 1162 1764 1189 1814; x_wconf 87' lang='lat'><strong>15</strong></span> 
     </span>
     <span class='ocr_line' id='line_1_17' title="bbox 107 1833 1148 1911; baseline 0.002 -19"><span class='ocrx_word' id='word_1_134' title='bbox 107 1834 188 1893; x_wconf 91' lang='lat' dir='ltr'><strong>Nam</strong></span> <span class='ocrx_word' id='word_1_135' title='bbox 207 1834 258 1910; x_wconf 92' lang='lat' dir='ltr'><strong>qui</strong></span> <span class='ocrx_word' id='word_1_136' title='bbox 274 1834 380 1895; x_wconf 90' lang='lat' dir='ltr'><strong>iniuste</strong></span> <span class='ocrx_word' id='word_1_137' title='bbox 393 1835 537 1911; x_wconf 90' lang='lat' dir='ltr'><strong>impetum</strong></span> <span class='ocrx_word' id='word_1_138' title='bbox 555 1834 586 1893; x_wconf 90' lang='lat' dir='ltr'><strong>in</strong></span> <span class='ocrx_word' id='word_1_139' title='bbox 600 1834 769 1911; x_wconf 85' lang='lat' dir='ltr'><strong>quempiam</strong></span> <span class='ocrx_word' id='word_1_140' title='bbox 786 1833 854 1893; x_wconf 83' lang='lat' dir='ltr'><strong>facit</strong></span> <span class='ocrx_word' id='word_1_141' title='bbox 868 1844 918 1893; x_wconf 92' lang='lat' dir='ltr'><strong>aut</strong></span> <span class='ocrx_word' id='word_1_142' title='bbox 931 1833 974 1893; x_wconf 91' lang='lat' dir='ltr'><strong>ira</strong></span> <span class='ocrx_word' id='word_1_143' title='bbox 986 1846 1037 1894; x_wconf 91' lang='lat' dir='ltr'><strong>aut</strong></span> <span class='ocrx_word' id='word_1_144' title='bbox 1050 1835 1148 1911; x_wconf 89' lang='lat' dir='ltr'><strong>aliqua</strong></span> 
     </span>
     <span class='ocr_line' id='line_1_18' title="bbox 106 1930 1147 2007; baseline -0.001 -17"><span class='ocrx_word' id='word_1_145' title='bbox 106 1931 322 2006; x_wconf 90' lang='lat' dir='ltr'><strong>perturbatione</strong></span> <span class='ocrx_word' id='word_1_146' title='bbox 337 1931 514 2004; x_wconf 88' lang='lat' dir='ltr'><strong>incitatus,is</strong></span> <span class='ocrx_word' id='word_1_147' title='bbox 529 1930 612 2007; x_wconf 90' lang='lat' dir='ltr'><strong>quasi</strong></span> <span class='ocrx_word' id='word_1_148' title='bbox 625 1950 730 1989; x_wconf 89' lang='lat' dir='ltr'><strong>manus</strong></span> <span class='ocrx_word' id='word_1_149' title='bbox 744 1932 844 1990; x_wconf 88' lang='lat' dir='ltr'><strong>afferre</strong></span> <span class='ocrx_word' id='word_1_150' title='bbox 855 1930 970 1990; x_wconf 86' lang='lat' dir='ltr'><strong>videtur</strong></span> <span class='ocrx_word' id='word_1_151' title='bbox 980 1930 1080 1991; x_wconf 86' lang='lat' dir='ltr'><strong>socio:</strong></span> <span class='ocrx_word' id='word_1_152' title='bbox 1095 1930 1147 2007; x_wconf 94' lang='lat' dir='ltr'><strong>qui</strong></span> 
     </span>
     <span class='ocr_line' id='line_1_19' title="bbox 106 2025 1147 2102; baseline -0.001 -17"><span class='ocrx_word' id='word_1_153' title='bbox 106 2038 205 2086; x_wconf 89' lang='lat' dir='ltr'><strong>autem</strong></span> <span class='ocrx_word' id='word_1_154' title='bbox 224 2047 286 2086; x_wconf 92' lang='lat' dir='ltr'><strong>non</strong></span> <span class='ocrx_word' id='word_1_155' title='bbox 306 2027 438 2088; x_wconf 90' lang='lat' dir='ltr'><strong>defendit</strong></span> <span class='ocrx_word' id='word_1_156' title='bbox 458 2047 515 2086; x_wconf 91' lang='lat' dir='ltr'><strong>nec</strong></span> <span class='ocrx_word' id='word_1_157' title='bbox 534 2026 657 2099; x_wconf 91' lang='lat' dir='ltr'><strong>obsistit,</strong></span> <span class='ocrx_word' id='word_1_158' title='bbox 673 2026 698 2085; x_wconf 87' lang='lat' dir='ltr'><strong>si</strong></span> <span class='ocrx_word' id='word_1_159' title='bbox 718 2037 823 2102; x_wconf 90' lang='lat' dir='ltr'><strong>potest,</strong></span> <span class='ocrx_word' id='word_1_160' title='bbox 839 2025 968 2098; x_wconf 90' lang='lat' dir='ltr'><strong>iniuriae,</strong></span> <span class='ocrx_word' id='word_1_161' title='bbox 983 2037 1044 2085; x_wconf 90' lang='lat' dir='ltr'><strong>tam</strong></span> <span class='ocrx_word' id='word_1_162' title='bbox 1057 2037 1102 2086; x_wconf 91' lang='lat' dir='ltr'><strong>est</strong></span> <span class='ocrx_word' id='word_1_163' title='bbox 1116 2025 1147 2084; x_wconf 92' lang='lat' dir='ltr'><strong>in</strong></span> 
     </span>
     <span class='ocr_line' id='line_1_20' title="bbox 105 2121 1144 2199; baseline -0.001 -19"><span class='ocrx_word' id='word_1_164' title='bbox 105 2122 177 2182; x_wconf 88' lang='lat' dir='ltr'><strong>vitio</strong></span> <span class='ocrx_word' id='word_1_165' title='bbox 201 2142 291 2199; x_wconf 92' lang='lat' dir='ltr'><strong>quam</strong></span> <span class='ocrx_word' id='word_1_166' title='bbox 315 2123 339 2182; x_wconf 93' lang='lat' dir='ltr'><strong>si</strong></span> <span class='ocrx_word' id='word_1_167' title='bbox 360 2133 495 2199; x_wconf 89' lang='lat' dir='ltr'><strong>parentes</strong></span> <span class='ocrx_word' id='word_1_168' title='bbox 518 2133 569 2181; x_wconf 91' lang='lat' dir='ltr'><strong>aut</strong></span> <span class='ocrx_word' id='word_1_169' title='bbox 590 2122 701 2181; x_wconf 90' lang='lat' dir='ltr'><strong>amicos</strong></span> <span class='ocrx_word' id='word_1_170' title='bbox 721 2134 772 2181; x_wconf 90' lang='lat' dir='ltr'><strong>aut</strong></span> <span class='ocrx_word' id='word_1_171' title='bbox 792 2121 915 2198; x_wconf 87' lang='lat' dir='ltr'><strong>patriam</strong></span> <span class='ocrx_word' id='word_1_172' title='bbox 932 2122 1054 2180; x_wconf 83' lang='lat' dir='ltr'><strong>deserat</strong></span> <span class='ocrx_word' id='word_1_173' title='bbox 1099 2141 1144 2194; x_wconf 88' lang='lat'><strong>24.</strong></span> 
     </span>
     <span class='ocr_line' id='line_1_21' title="bbox 130 2217 1191 2295; baseline -0.002 -13"><span class='ocrx_word' id='word_1_174' title='bbox 130 2257 150 2282; x_wconf 69' lang='lat' dir='ltr'><strong>a</strong></span> <span class='ocrx_word' id='word_1_175' title='bbox 170 2241 317 2284; x_wconf 65' lang='lat' dir='ltr'><strong>eausaortne</strong></span> <span class='ocrx_word' id='word_1_176' title='bbox 354 2221 453 2295; x_wconf 89' lang='lat' dir='ltr'><strong>Atque</strong></span> <span class='ocrx_word' id='word_1_177' title='bbox 466 2218 533 2278; x_wconf 89' lang='lat' dir='ltr'><strong>illae</strong></span> <span class='ocrx_word' id='word_1_178' title='bbox 546 2218 668 2294; x_wconf 91' lang='lat' dir='ltr'><strong>quidem</strong></span> <span class='ocrx_word' id='word_1_179' title='bbox 681 2218 809 2290; x_wconf 90' lang='lat' dir='ltr'><strong>iniuriae,</strong></span> <span class='ocrx_word' id='word_1_180' title='bbox 825 2236 901 2293; x_wconf 88' lang='lat' dir='ltr'><strong>quae</strong></span> <span class='ocrx_word' id='word_1_181' title='bbox 915 2217 1042 2276; x_wconf 92' lang='lat' dir='ltr'><strong>nocendi</strong></span> <span class='ocrx_word' id='word_1_182' title='bbox 1059 2237 1147 2276; x_wconf 91' lang='lat' dir='ltr'><strong>causa</strong></span> <span class='ocrx_word' id='word_1_183' title='bbox 1160 2245 1191 2280; x_wconf 66' lang='grc' dir='ltr'><strong>ιο</strong></span> 
     </span>
    </p>
   </div>
   <div class='ocr_carea' id='block_1_5' title="bbox 105 2290 1147 2390">
    <p class='ocr_par' dir='ltr' id='par_1_5' title="bbox 105 2290 1147 2390">
     <span class='ocr_line' id='line_1_22' title="bbox 105 2290 1119 2333; baseline -0.007 -1"><span class='ocrx_word' id='word_1_184' title='bbox 105 2290 314 2333; x_wconf 78' lang='lat' dir='ltr'><strong>firstkindareosten</strong></span> <span class='ocrx_word' id='word_1_185' title='bbox 416 2315 421 2326; x_wconf 90' lang='lat'><em>·</em></span> <span class='ocrx_word' id='word_1_186' title='bbox 528 2315 534 2326; x_wconf 88' lang='lat'><strong>·</strong></span> <span class='ocrx_word' id='word_1_187' title='bbox 577 2315 582 2326; x_wconf 88' lang='lat'><em>·</em></span> <span class='ocrx_word' id='word_1_188' title='bbox 1114 2315 1119 2325; x_wconf 95' lang='lat'>.</span> 
     </span>
     <span class='ocr_line' id='line_1_23' title="bbox 106 2316 1147 2390; baseline 0 -16"><span class='ocrx_word' id='word_1_189' title='bbox 106 2341 207 2383; x_wconf 58' lang='lat' dir='ltr'><strong>senno„</strong></span> <span class='ocrx_word' id='word_1_190' title='bbox 224 2355 248 2382; x_wconf 65' lang='lat'><strong>0,</strong></span> <span class='ocrx_word' id='word_1_191' title='bbox 265 2355 315 2383; x_wconf 75' lang='lat' dir='ltr'><strong>con·</strong></span> <span class='ocrx_word' id='word_1_192' title='bbox 359 2316 393 2376; x_wconf 85' lang='lat' dir='ltr'><strong>de</strong></span> <span class='ocrx_word' id='word_1_193' title='bbox 414 2317 555 2375; x_wconf 88' lang='lat' dir='ltr'><strong>rndustna</strong></span> <span class='ocrx_word' id='word_1_194' title='bbox 574 2318 743 2387; x_wconf 86' lang='lat' dir='ltr'><strong>rnferuntur,</strong></span> <span class='ocrx_word' id='word_1_195' title='bbox 766 2333 853 2389; x_wconf 86' lang='lat' dir='ltr'><strong>saepe</strong></span> <span class='ocrx_word' id='word_1_196' title='bbox 875 2333 893 2372; x_wconf 98' lang='lat' dir='ltr'><strong>a</strong></span> <span class='ocrx_word' id='word_1_197' title='bbox 915 2325 996 2372; x_wconf 90' lang='lat' dir='ltr'><strong>metu</strong></span> <span class='ocrx_word' id='word_1_198' title='bbox 1019 2316 1147 2390; x_wconf 77' lang='lat' dir='ltr'><strong>proficis</strong></span> 
     </span>
    </p>
   </div>
   <div class='ocr_carea' id='block_1_6' title="bbox 21 2392 1191 3644">
    <p class='ocr_par' dir='ltr' id='par_1_6' title="bbox 21 2392 1191 3644">
     <span class='ocr_line' id='line_1_24' title="bbox 104 2392 1144 2493; baseline 0.003 -26"><span class='ocrx_word' id='word_1_199' title='bbox 104 2392 315 2493; x_wconf 51' lang='lat' dir='ltr'><strong>fflffissffll</strong></span> <span class='ocrx_word' id='word_1_200' title='bbox 352 2422 465 2483; x_wconf 90' lang='lat' dir='ltr'><strong>cuntur,</strong></span> <span class='ocrx_word' id='word_1_201' title='bbox 481 2429 549 2469; x_wconf 91' lang='lat' dir='ltr'><strong>curn</strong></span> <span class='ocrx_word' id='word_1_202' title='bbox 563 2410 587 2470; x_wconf 92' lang='lat' dir='ltr'><strong>is</strong></span> <span class='ocrx_word' id='word_1_203' title='bbox 601 2410 652 2486; x_wconf 91' lang='lat' dir='ltr'><strong>qui</strong></span> <span class='ocrx_word' id='word_1_204' title='bbox 665 2429 772 2468; x_wconf 89' lang='lat' dir='ltr'><strong>nocere</strong></span> <span class='ocrx_word' id='word_1_205' title='bbox 782 2408 864 2468; x_wconf 91' lang='lat' dir='ltr'><strong>alteri</strong></span> <span class='ocrx_word' id='word_1_206' title='bbox 875 2409 983 2486; x_wconf 86' lang='lat' dir='ltr'><strong>cogitat</strong></span> <span class='ocrx_word' id='word_1_207' title='bbox 993 2409 1077 2470; x_wconf 91' lang='lat' dir='ltr'><strong>timet</strong></span> <span class='ocrx_word' id='word_1_208' title='bbox 1097 2429 1144 2484; x_wconf 90' lang='lat' dir='ltr'><strong>ne,</strong></span> 
     </span>
     <span class='ocr_line' id='line_1_25' title="bbox 104 2493 1143 2593; baseline 0.002 -29"><span class='ocrx_word' id='word_1_209' title='bbox 104 2493 318 2593; x_wconf 53' lang='lat' dir='ltr'><strong>ffiffiffl}</strong></span> <span class='ocrx_word' id='word_1_210' title='bbox 353 2506 410 2565; x_wconf 92' lang='lat' dir='ltr'><strong>nisi</strong></span> <span class='ocrx_word' id='word_1_211' title='bbox 427 2506 459 2565; x_wconf 91' lang='lat' dir='ltr'><strong>id</strong></span> <span class='ocrx_word' id='word_1_212' title='bbox 478 2506 586 2578; x_wconf 83' lang='lat' dir='ltr'><strong>fecerit,</strong></span> <span class='ocrx_word' id='word_1_213' title='bbox 601 2505 664 2582; x_wconf 86' lang='lat' dir='ltr'><strong>ipse</strong></span> <span class='ocrx_word' id='word_1_214' title='bbox 677 2505 776 2580; x_wconf 89' lang='lat' dir='ltr'><strong>aliquo</strong></span> <span class='ocrx_word' id='word_1_215' title='bbox 790 2505 930 2565; x_wconf 90' lang='lat' dir='ltr'><strong>afficiatur</strong></span> <span class='ocrx_word' id='word_1_216' title='bbox 943 2505 1143 2567; x_wconf 88' lang='lat' dir='ltr'><strong>incommodo.</strong></span> 
     </span>
     <span class='ocr_line' id='line_1_26' title="bbox 104 2593 1146 2679; baseline 0.003 -17"><span class='ocrx_word' id='word_1_217' title='bbox 104 2593 224 2636; x_wconf 50' lang='lat' dir='ltr'><strong>‘&#39;mm“</strong></span> <span class='ocrx_word' id='word_1_218' title='bbox 354 2604 517 2663; x_wconf 89' lang='lat' dir='ltr'><strong>Maximam</strong></span> <span class='ocrx_word' id='word_1_219' title='bbox 537 2615 636 2662; x_wconf 92' lang='lat' dir='ltr'><strong>autem</strong></span> <span class='ocrx_word' id='word_1_220' title='bbox 655 2613 768 2679; x_wconf 89' lang='lat' dir='ltr'><strong>partem</strong></span> <span class='ocrx_word' id='word_1_221' title='bbox 781 2604 821 2662; x_wconf 92' lang='lat' dir='ltr'><strong>ad</strong></span> <span class='ocrx_word' id='word_1_222' title='bbox 834 2603 968 2663; x_wconf 91' lang='lat' dir='ltr'><strong>iniuriam</strong></span> <span class='ocrx_word' id='word_1_223' title='bbox 981 2603 1146 2665; x_wconf 86' lang='lat' dir='ltr'><strong>faciendam</strong></span> 
     </span>
     <span class='ocr_line' id='line_1_27' title="bbox 61 2699 1187 2781; baseline 0.004 -23"><span class='ocrx_word' id='word_1_224' title='bbox 61 2730 64 2737; x_wconf 95' lang='lat'>·</span> <span class='ocrx_word' id='word_1_225' title='bbox 106 2699 322 2777; x_wconf 78' lang='lat' dir='ltr'><strong>adgrediuntur,</strong></span> <span class='ocrx_word' id='word_1_226' title='bbox 344 2711 377 2759; x_wconf 91' lang='lat' dir='ltr'><strong>ut</strong></span> <span class='ocrx_word' id='word_1_227' title='bbox 397 2700 596 2777; x_wconf 90' lang='lat' dir='ltr'><strong>adipiscantur</strong></span> <span class='ocrx_word' id='word_1_228' title='bbox 616 2719 651 2759; x_wconf 90' lang='lat' dir='ltr'><strong>ea</strong></span> <span class='ocrx_word' id='word_1_229' title='bbox 671 2719 746 2776; x_wconf 90' lang='lat' dir='ltr'><strong>quae</strong></span> <span class='ocrx_word' id='word_1_230' title='bbox 767 2700 1015 2777; x_wconf 91' lang='lat' dir='ltr'><strong>concupiverunt:</strong></span> <span class='ocrx_word' id='word_1_231' title='bbox 1036 2701 1067 2761; x_wconf 92' lang='lat' dir='ltr'><strong>in</strong></span> <span class='ocrx_word' id='word_1_232' title='bbox 1084 2724 1145 2781; x_wconf 91' lang='lat' dir='ltr'><strong>quo</strong></span> <span class='ocrx_word' id='word_1_233' title='bbox 1158 2727 1187 2778; x_wconf 80' lang='lat'><strong>25</strong></span> 
     </span>
     <span class='ocr_line' id='line_1_28' title="bbox 106 2796 564 2874; baseline 0.002 -19"><span class='ocrx_word' id='word_1_234' title='bbox 106 2796 178 2857; x_wconf 89' lang='lat' dir='ltr'><strong>vitio</strong></span> <span class='ocrx_word' id='word_1_235' title='bbox 191 2797 330 2857; x_wconf 86' lang='lat' dir='ltr'><strong>latissime</strong></span> <span class='ocrx_word' id='word_1_236' title='bbox 344 2808 425 2874; x_wconf 86' lang='lat' dir='ltr'><strong>patet</strong></span> <span class='ocrx_word' id='word_1_237' title='bbox 438 2796 564 2856; x_wconf 83' lang='lat' dir='ltr'><strong>avaritia</strong></span> 
     </span>
     <span class='ocr_line' id='line_1_29' title="bbox 21 2892 1146 2970; baseline 0.003 -18"><span class='ocrx_word' id='word_1_238' title='bbox 21 2909 92 2959; x_wconf 83' lang='lat' dir='ltr'><strong>vm</strong></span> <span class='ocrx_word' id='word_1_239' title='bbox 169 2913 184 2952; x_wconf 85' lang='lat' dir='ltr'><strong>a</strong></span> <span class='ocrx_word' id='word_1_240' title='bbox 188 2910 213 2970; x_wconf 85' lang='lat'><strong>5.</strong></span> <span class='ocrx_word' id='word_1_241' title='bbox 257 2896 441 2970; x_wconf 89' lang='lat' dir='ltr'><strong>Expetuntur</strong></span> <span class='ocrx_word' id='word_1_242' title='bbox 454 2905 553 2953; x_wconf 91' lang='lat' dir='ltr'><strong>autem</strong></span> <span class='ocrx_word' id='word_1_243' title='bbox 567 2892 684 2954; x_wconf 89' lang='lat' dir='ltr'><strong>divitiae</strong></span> <span class='ocrx_word' id='word_1_244' title='bbox 698 2912 766 2952; x_wconf 91' lang='lat' dir='ltr'><strong>cum</strong></span> <span class='ocrx_word' id='word_1_245' title='bbox 780 2896 819 2953; x_wconf 92' lang='lat' dir='ltr'><strong>ad</strong></span> <span class='ocrx_word' id='word_1_246' title='bbox 833 2913 903 2952; x_wconf 91' lang='lat' dir='ltr'><strong>usus</strong></span> <span class='ocrx_word' id='word_1_247' title='bbox 917 2892 994 2954; x_wconf 89' lang='lat' dir='ltr'><strong>vitae</strong></span> <span class='ocrx_word' id='word_1_248' title='bbox 1014 2914 1146 2955; x_wconf 89' lang='lat' dir='ltr'><strong>necessa·</strong></span> 
     </span>
     <span class='ocr_line' id='line_1_30' title="bbox 104 2989 1145 3066; baseline 0.002 -16"><span class='ocrx_word' id='word_1_249' title='bbox 104 2989 171 3063; x_wconf 87' lang='lat' dir='ltr'><strong>rios,</strong></span> <span class='ocrx_word' id='word_1_250' title='bbox 194 3001 258 3049; x_wconf 90' lang='lat' dir='ltr'><strong>tum</strong></span> <span class='ocrx_word' id='word_1_251' title='bbox 278 2992 317 3049; x_wconf 91' lang='lat' dir='ltr'><strong>ad</strong></span> <span class='ocrx_word' id='word_1_252' title='bbox 337 2990 526 3066; x_wconf 85' lang='lat' dir='ltr'><strong>perfruendas</strong></span> <span class='ocrx_word' id='word_1_253' title='bbox 539 2992 711 3066; x_wconf 91' lang='lat' dir='ltr'><strong>voluptates.</strong></span> <span class='ocrx_word' id='word_1_254' title='bbox 755 2991 792 3047; x_wconf 90' lang='lat' dir='ltr'><strong>In</strong></span> <span class='ocrx_word' id='word_1_255' title='bbox 813 2989 920 3064; x_wconf 91' lang='lat' dir='ltr'><strong>quibus</strong></span> <span class='ocrx_word' id='word_1_256' title='bbox 940 3002 1039 3049; x_wconf 90' lang='lat' dir='ltr'><strong>autem</strong></span> <span class='ocrx_word' id='word_1_257' title='bbox 1052 2991 1145 3052; x_wconf 90' lang='lat' dir='ltr'><strong>maior</strong></span> 
     </span>
     <span class='ocr_line' id='line_1_31' title="bbox 104 3085 1146 3166; baseline 0.002 -21"><span class='ocrx_word' id='word_1_258' title='bbox 104 3096 149 3146; x_wconf 91' lang='lat' dir='ltr'><strong>est</strong></span> <span class='ocrx_word' id='word_1_259' title='bbox 169 3086 292 3159; x_wconf 91' lang='lat' dir='ltr'><strong>animus,</strong></span> <span class='ocrx_word' id='word_1_260' title='bbox 307 3085 338 3144; x_wconf 93' lang='lat' dir='ltr'><strong>in</strong></span> <span class='ocrx_word' id='word_1_261' title='bbox 354 3085 390 3145; x_wconf 90' lang='lat' dir='ltr'><strong>iis</strong></span> <span class='ocrx_word' id='word_1_262' title='bbox 410 3085 552 3161; x_wconf 88' lang='lat' dir='ltr'><strong>pecuniae</strong></span> <span class='ocrx_word' id='word_1_263' title='bbox 566 3085 711 3161; x_wconf 91' lang='lat' dir='ltr'><strong>cupiditas</strong></span> <span class='ocrx_word' id='word_1_264' title='bbox 725 3095 838 3161; x_wconf 88' lang='lat' dir='ltr'><strong>spectat</strong></span> <span class='ocrx_word' id='word_1_265' title='bbox 850 3086 890 3145; x_wconf 94' lang='lat' dir='ltr'><strong>ad</strong></span> <span class='ocrx_word' id='word_1_266' title='bbox 903 3105 975 3161; x_wconf 91' lang='lat' dir='ltr'><strong>opes</strong></span> <span class='ocrx_word' id='word_1_267' title='bbox 989 3097 1019 3146; x_wconf 89' lang='lat' dir='ltr'><strong>et</strong></span> <span class='ocrx_word' id='word_1_268' title='bbox 1032 3089 1071 3148; x_wconf 93' lang='lat' dir='ltr'><strong>ad</strong></span> <span class='ocrx_word' id='word_1_269' title='bbox 1084 3107 1146 3166; x_wconf 85' lang='lat' dir='ltr'><strong>gra·</strong></span> 
     </span>
     <span class='ocr_line' id='line_1_32' title="bbox 103 3181 1191 3259; baseline 0.006 -18"><span class='ocrx_word' id='word_1_270' title='bbox 103 3181 235 3242; x_wconf 89' lang='lat' dir='ltr'><strong>tificandi</strong></span> <span class='ocrx_word' id='word_1_271' title='bbox 257 3181 434 3254; x_wconf 83' lang='lat' dir='ltr'><strong>facultatem,</strong></span> <span class='ocrx_word' id='word_1_272' title='bbox 449 3191 482 3240; x_wconf 93' lang='lat' dir='ltr'><strong>ut</strong></span> <span class='ocrx_word' id='word_1_273' title='bbox 503 3201 596 3258; x_wconf 89' lang='lat' dir='ltr'><strong>nuper</strong></span> <span class='ocrx_word' id='word_1_274' title='bbox 620 3184 662 3239; x_wconf 93' lang='lat' dir='ltr'><strong>M.</strong></span> <span class='ocrx_word' id='word_1_275' title='bbox 684 3183 806 3242; x_wconf 87' lang='lat' dir='ltr'><strong>Crassus</strong></span> <span class='ocrx_word' id='word_1_276' title='bbox 824 3182 951 3257; x_wconf 83' lang='lat' dir='ltr'><strong>negabat</strong></span> <span class='ocrx_word' id='word_1_277' title='bbox 969 3184 1059 3242; x_wconf 91' lang='lat' dir='ltr'><strong>ullam</strong></span> <span class='ocrx_word' id='word_1_278' title='bbox 1075 3184 1144 3244; x_wconf 90' lang='lat' dir='ltr'><strong>satis</strong></span> <span class='ocrx_word' id='word_1_279' title='bbox 1156 3210 1191 3259; x_wconf 80' lang='lat'><strong>30·</strong></span> 
     </span>
     <span class='ocr_line' id='line_1_33' title="bbox 103 3276 1144 3355; baseline 0.005 -19"><span class='ocrx_word' id='word_1_280' title='bbox 103 3296 241 3354; x_wconf 88' lang='lat' dir='ltr'><strong>magnam</strong></span> <span class='ocrx_word' id='word_1_281' title='bbox 254 3277 410 3354; x_wconf 87' lang='lat' dir='ltr'><strong>pecuniam</strong></span> <span class='ocrx_word' id='word_1_282' title='bbox 424 3296 488 3336; x_wconf 88' lang='lat' dir='ltr'><strong>esse</strong></span> <span class='ocrx_word' id='word_1_283' title='bbox 501 3277 529 3336; x_wconf 89' lang='lat' dir='ltr'><strong>ei</strong></span> <span class='ocrx_word' id='word_1_284' title='bbox 543 3276 594 3353; x_wconf 93' lang='lat' dir='ltr'><strong>qui</strong></span> <span class='ocrx_word' id='word_1_285' title='bbox 607 3276 638 3335; x_wconf 93' lang='lat' dir='ltr'><strong>in</strong></span> <span class='ocrx_word' id='word_1_286' title='bbox 651 3296 682 3336; x_wconf 89' lang='lat' dir='ltr'><strong>re</strong></span> <span class='ocrx_word' id='word_1_287' title='bbox 696 3276 814 3353; x_wconf 90' lang='lat' dir='ltr'><strong>publica</strong></span> <span class='ocrx_word' id='word_1_288' title='bbox 826 3277 961 3354; x_wconf 90' lang='lat' dir='ltr'><strong>princeps</strong></span> <span class='ocrx_word' id='word_1_289' title='bbox 972 3281 1057 3340; x_wconf 88' lang='lat' dir='ltr'><strong>vellet</strong></span> <span class='ocrx_word' id='word_1_290' title='bbox 1070 3300 1144 3355; x_wconf 90' lang='lat' dir='ltr'><strong>esse,</strong></span> 
     </span>
     <span class='ocr_line' id='line_1_34' title="bbox 103 3373 1144 3450; baseline 0.004 -17"><span class='ocrx_word' id='word_1_291' title='bbox 103 3374 186 3433; x_wconf 91' lang='lat' dir='ltr'><strong>cuius</strong></span> <span class='ocrx_word' id='word_1_292' title='bbox 208 3373 349 3433; x_wconf 87' lang='lat' dir='ltr'><strong>fructibus</strong></span> <span class='ocrx_word' id='word_1_293' title='bbox 369 3373 528 3432; x_wconf 85' lang='lat' dir='ltr'><strong>exercitum</strong></span> <span class='ocrx_word' id='word_1_294' title='bbox 551 3375 628 3432; x_wconf 90' lang='lat' dir='ltr'><strong>alere</strong></span> <span class='ocrx_word' id='word_1_295' title='bbox 648 3392 709 3433; x_wconf 92' lang='lat' dir='ltr'><strong>non</strong></span> <span class='ocrx_word' id='word_1_296' title='bbox 729 3384 836 3450; x_wconf 83' lang='lat' dir='ltr'><strong>posset</strong></span> <span class='ocrx_word' id='word_1_297' title='bbox 879 3376 1037 3436; x_wconf 88' lang='lat' dir='ltr'><strong>Delectant</strong></span> <span class='ocrx_word' id='word_1_298' title='bbox 1055 3377 1144 3437; x_wconf 89' lang='lat' dir='ltr'><strong>etiam</strong></span> 
     </span>
     <span class='ocr_line' id='line_1_35' title="bbox 103 3468 1144 3550; baseline 0.005 -21"><span class='ocrx_word' id='word_1_299' title='bbox 103 3469 251 3547; x_wconf 84' lang='lat' dir='ltr'><strong>magnifici</strong></span> <span class='ocrx_word' id='word_1_300' title='bbox 273 3480 429 3545; x_wconf 90' lang='lat' dir='ltr'><strong>apparatus</strong></span> <span class='ocrx_word' id='word_1_301' title='bbox 450 3468 585 3544; x_wconf 89' lang='lat' dir='ltr'><strong>vitaeque</strong></span> <span class='ocrx_word' id='word_1_302' title='bbox 607 3469 703 3528; x_wconf 91' lang='lat' dir='ltr'><strong>cultus</strong></span> <span class='ocrx_word' id='word_1_303' title='bbox 725 3488 793 3528; x_wconf 92' lang='lat' dir='ltr'><strong>curn</strong></span> <span class='ocrx_word' id='word_1_304' title='bbox 820 3470 964 3546; x_wconf 86' lang='lat' dir='ltr'><strong>elegantia</strong></span> <span class='ocrx_word' id='word_1_305' title='bbox 990 3482 1020 3532; x_wconf 89' lang='lat' dir='ltr'><strong>et</strong></span> <span class='ocrx_word' id='word_1_306' title='bbox 1040 3471 1144 3550; x_wconf 90' lang='lat' dir='ltr'><strong>copia:</strong></span> 
     </span>
     <span class='ocr_line' id='line_1_36' title="bbox 103 3564 1141 3644; baseline 0.003 -20"><span class='ocrx_word' id='word_1_307' title='bbox 103 3566 212 3644; x_wconf 91' lang='lat' dir='ltr'><strong>quibus</strong></span> <span class='ocrx_word' id='word_1_308' title='bbox 231 3566 319 3624; x_wconf 91' lang='lat' dir='ltr'><strong>rebus</strong></span> <span class='ocrx_word' id='word_1_309' title='bbox 340 3566 477 3625; x_wconf 88' lang='lat' dir='ltr'><strong>effectum</strong></span> <span class='ocrx_word' id='word_1_310' title='bbox 498 3575 541 3624; x_wconf 88' lang='lat' dir='ltr'><strong>est</strong></span> <span class='ocrx_word' id='word_1_311' title='bbox 562 3574 595 3624; x_wconf 94' lang='lat' dir='ltr'><strong>ut</strong></span> <span class='ocrx_word' id='word_1_312' title='bbox 615 3564 728 3623; x_wconf 89' lang='lat' dir='ltr'><strong>infinita</strong></span> <span class='ocrx_word' id='word_1_313' title='bbox 741 3565 884 3641; x_wconf 91' lang='lat' dir='ltr'><strong>pecuniae</strong></span> <span class='ocrx_word' id='word_1_314' title='bbox 898 3566 1043 3642; x_wconf 91' lang='lat' dir='ltr'><strong>cupiditas</strong></span> <span class='ocrx_word' id='word_1_315' title='bbox 1057 3581 1141 3629; x_wconf 88' lang='lat' dir='ltr'><strong>esset.</strong></span> 
     </span>
    </p>
   </div>
   <div class='ocr_carea' id='block_1_7' title="bbox 102 3658 1184 3739">
    <p class='ocr_par' dir='ltr' id='par_1_7' title="bbox 102 3658 1184 3739">
     <span class='ocr_line' id='line_1_37' title="bbox 102 3658 1184 3739; baseline 0.002 -17"><span class='ocrx_word' id='word_1_316' title='bbox 102 3663 171 3722; x_wconf 88' lang='lat' dir='ltr'><strong>Nec</strong></span> <span class='ocrx_word' id='word_1_317' title='bbox 183 3679 253 3720; x_wconf 89' lang='lat' dir='ltr'><strong>vero</strong></span> <span class='ocrx_word' id='word_1_318' title='bbox 273 3660 315 3721; x_wconf 89' lang='lat' dir='ltr'><strong>rei</strong></span> <span class='ocrx_word' id='word_1_319' title='bbox 336 3660 482 3720; x_wconf 86' lang='lat' dir='ltr'><strong>familiaris</strong></span> <span class='ocrx_word' id='word_1_320' title='bbox 497 3659 685 3737; x_wconf 89' lang='lat' dir='ltr'><strong>amplificatio</strong></span> <span class='ocrx_word' id='word_1_321' title='bbox 699 3658 812 3719; x_wconf 89' lang='lat' dir='ltr'><strong>nemini</strong></span> <span class='ocrx_word' id='word_1_322' title='bbox 825 3679 937 3721; x_wconf 89' lang='lat' dir='ltr'><strong>nocens</strong></span> <span class='ocrx_word' id='word_1_323' title='bbox 951 3662 1142 3739; x_wconf 87' lang='lat' dir='ltr'><strong>vituperanda</strong></span> <span class='ocrx_word' id='word_1_324' title='bbox 1155 3680 1184 3734; x_wconf 76' lang='lat'><strong>35</strong></span> 
     </span>
    </p>
   </div>
   <div class='ocr_carea' id='block_1_8' title="bbox 94 3788 1140 3936">
    <p class='ocr_par' dir='ltr' id='par_1_8' title="bbox 94 3788 1140 3936">
     <span class='ocr_line' id='line_1_38' title="bbox 151 3788 1140 3852; baseline 0.002 -12"><span class='ocrx_word' id='word_1_325' title='bbox 151 3805 165 3840; x_wconf 77' lang='lat' dir='ltr'><strong>a</strong></span> <span class='ocrx_word' id='word_1_326' title='bbox 184 3790 256 3838; x_wconf 85' lang='lat' dir='ltr'><strong>verba</strong></span> <span class='ocrx_word' id='word_1_327' title='bbox 273 3789 328 3839; x_wconf 87' lang='lat' dir='ltr'><strong>aliis</strong></span> <span class='ocrx_word' id='word_1_328' title='bbox 346 3789 389 3838; x_wconf 92' lang='lat' dir='ltr'><strong>alii</strong></span> <span class='ocrx_word' id='word_1_329' title='bbox 407 3788 575 3852; x_wconf 81' lang='lat' dir='ltr'><strong>interpolatori</strong></span> <span class='ocrx_word' id='word_1_330' title='bbox 590 3788 666 3837; x_wconf 82' lang='lat' dir='ltr'><strong>debm&#39;</strong></span> <span class='ocrx_word' id='word_1_331' title='bbox 677 3788 779 3852; x_wconf 75' lang='lat' dir='ltr'><strong>primus</strong></span> <span class='ocrx_word' id='word_1_332' title='bbox 799 3789 863 3838; x_wconf 67' lang='lat' dir='ltr'><strong>vrai&#39;t</strong></span> <span class='ocrx_word' id='word_1_333' title='bbox 880 3789 976 3840; x_wconf 71' lang='lat' dir='ltr'><strong>Cebetas</strong></span> <span class='ocrx_word' id='word_1_334' title='bbox 1000 3791 1059 3840; x_wconf 82' lang='lat' dir='ltr'><strong>Var.</strong></span> <span class='ocrx_word' id='word_1_335' title='bbox 1077 3790 1140 3843; x_wconf 79' lang='lat' dir='ltr'><strong>Lect.</strong></span> 
     </span>
     <span class='ocr_line' id='line_1_39' title="bbox 94 3868 513 3936; baseline -0.005 -18"><span class='ocrx_word' id='word_1_336' title='bbox 94 3876 125 3936; x_wconf 72' lang='lat' dir='ltr'><strong>p.</strong></span> <span class='ocrx_word' id='word_1_337' title='bbox 137 3868 195 3932; x_wconf 81' lang='lat'>461.</span> <span class='ocrx_word' id='word_1_338' title='bbox 231 3873 241 3928; x_wconf 83' lang='grc' dir='ltr'><strong>ΙΙ</strong></span> <span class='ocrx_word' id='word_1_339' title='bbox 276 3871 292 3918; x_wconf 90' lang='lat'><strong>8</strong></span> <span class='ocrx_word' id='word_1_340' title='bbox 308 3869 414 3918; x_wconf 86' lang='lat' dir='ltr'><strong>iustitiae</strong></span> <span class='ocrx_word' id='word_1_341' title='bbox 425 3875 462 3919; x_wconf 86' lang='lat' dir='ltr'><strong>est</strong></span> <span class='ocrx_word' id='word_1_342' title='bbox 476 3869 513 3918; x_wconf 89' lang='lat' dir='ltr'><strong>Or</strong></span> 
     </span>
    </p>
   </div>
   <div class='ocr_carea' id='block_1_9' title="bbox 0 0 1340 4296">
    <p class='ocr_par' dir='ltr' id='par_1_9' title="bbox 0 0 1340 4296">
     <span class='ocr_line' id='line_1_40' title="bbox 0 0 1340 4296; baseline 0 2"><span class='ocrx_word' id='word_1_343' title='bbox 0 0 1340 4296; x_wconf 95' lang='lat' dir='ltr'><strong> </strong></span> 
     </span>
    </p>
   </div>
  </div>
 </body>
</html>
