2670 4296
129 202 162 261 11
177 219 219 260 xv
232 219 249 279 5
254 199 283 283 3]
517 205 567 263 De
584 204 753 281 beneficentia
1128 220 1167 281 79
1206 258 1208 262 ,

126 363 336 457 ssffltc‘gffim·
373 369 474 448 ligioni
494 379 651 428 nocentem
669 368 837 446 aliquando,
854 369 946 430 modo
964 387 1003 428 ne
1021 368 1165 447 nefarium

373 465 571 542 impiumque,¹
592 464 759 524 defendere.
811 466 883 523 Vult
909 466 969 525 hoc
996 465 1164 540 multitudo,

124 562 233 641 patitur
252 565 445 635 consuetudo,
461 564 515 622 fert
537 560 626 621 etiam
643 559 818 622 humanitas
863 561 975 631 Iudicis
992 573 1037 624 est
1050 581 1167 639 semper

145 708 335 760 Dutiesofjudge
373 661 404 719 in
428 657 522 718 causis
544 677 644 718 verum
666 657 757 734 sequi,
781 656 897 734 patroni
919 676 980 716 non
1003 677 1165 736 numquam

124 759 166 799 ²¹¹⁶
193 759 332 800 Adment-
373 755 433 816 veri
444 753 546 826 simile,
559 753 649 812 etiam
663 753 687 812 si
702 752 799 813 minus
813 752 850 813 sit
864 772 975 826 verum,
991 755 1164 818 defendere:
1192 794 1206 841 3

124 808 261 909 meridi
273 823 334 949 ἓξὲξ
372 852 454 929 quod
478 849 612 922 scribere,
634 849 805 926 praesertim
827 868 895 909 cum
917 849 955 910 de
976 849 1164 927 philosophia

123 908 333 1009 &abumbr-
372 948 537 1021 scriberem,
566 966 628 1006 non
659 948 807 1018 auderem,
836 945 894 1006 nisi
925 945 1005 1006 idem
1036 949 1164 1024 placeret

123 1007 298 1060 mmm
371 1040 542 1121 gravissimo
565 1040 730 1101 Stoicorum
758 1040 908 1101 Panaetio.
952 1043 1091 1103 Maxume
1115 1061 1164 1102 au·

123 1151 184 1201 tem
204 1150 235 1201 et
249 1140 345 1219 gloria
365 1139 474 1216 paritur
492 1148 525 1198 et
544 1136 635 1214 gratia
656 1135 877 1198 defensionibus
905 1154 1001 1213 eoque
1021 1137 1122 1211 maior,
1138 1137 1162 1197 si

123 1238 243 1313 quando
264 1236 371 1298 accidit
391 1246 424 1296 ut
444 1235 472 1295 ei
492 1233 687 1307 subveniatur,
703 1232 754 1309 qui
772 1231 902 1309 potentis
920 1231 1042 1291 alicuius
1056 1232 1162 1311 opibus
1176 1257 1206 1293 ro

123 1332 324 1394 circumveniri
335 1330 509 1410 urguerique
517 1329 657 1404 videatur,
668 1340 700 1388 ut
711 1347 766 1389 nos
775 1340 805 1390 et
819 1347 907 1405 saepe
920 1328 991 1388 alias
1005 1338 1035 1389 et
1048 1330 1162 1390 adules-

122 1441 223 1491 centes
233 1443 335 1491 contra
346 1433 378 1489 L.
386 1430 482 1490 Sullae
493 1427 670 1490 dominantis
682 1445 753 1503 opes
763 1445 817 1503 pro
827 1427 890 1486 Sem
899 1424 1010 1486 Roscio
1019 1426 1160 1489 Amerino

123 1525 252 1599 fecimus,
267 1545 352 1603 quae,
367 1535 399 1584 ut
413 1523 478 1597 scis,
493 1533 572 1584 extat
586 1521 687 1584 oratio

58 1633 108 1684 xv
164 1685 169 1696 ¹
431 1637 477 1696 5²·
499 1619 559 1680 Sed
567 1617 705 1696 expositis
716 1615 951 1679 adulescentium
962 1617 1072 1691 officiis,
1082 1637 1159 1695 quae

123 1685 331 1795 frillaff'da‘lll
368 1718 484 1776 valeant
503 1717 542 1775 ad
563 1715 686 1792 gloriam
708 1715 939 1792 adipiscendam,
962 1715 1101 1793 deinceps
1120 1718 1158 1778 de
1173 1736 1201 1786 ¹5

124 1785 244 1837 b⁸¹²¹¹⁸y'
370 1808 608 1872 beneficentia
646 1830 681 1870 ac
701 1813 740 1871 de
759 1811 976 1873 liberalitate
997 1812 1157 1873 dicendum

143 1872 180 1903 CH.
195 1872 312 1903 XV-XXIV·

149 1926 201 1986 ‘rao
229 1939 287 1975 ways
312 1927 338 1968 or
369 1919 431 1967 est:
458 1907 541 1967 cuius
566 1918 610 1967 est
638 1906 711 1966 ratio
733 1907 848 1984 duplex.
892 1909 971 1989 Nam
995 1919 1045 1967 aut
1069 1927 1158 1984 opera

122 1974 333 2084 ζξιῖῗὲξιῗιωὶεἷῗ
370 2006 497 2083 benigne
518 2006 552 2063 -fit
571 2003 770 2081 indigentibus
788 2015 839 2063 aut
857 2004 989 2081 pecunia
1033 2005 1158 2065 Facilior

124 2088 180 2116 vice
221 2076 262 2117 and
303 2076 317 2117 b
616 2101 622 2112 .
817 2101 823 2112 .
969 2101 975 2112 .
1110 2101 1116 2112 .

123 2138 219 2176 money,
229 2126 253 2166 or
263 2090 333 2168 wirici
368 2115 413 2163 est
428 2104 500 2162 haec
514 2112 666 2178 posterior,
686 2102 825 2177 locupleti
839 2113 1016 2177 praesertim,
1036 2103 1091 2161 sed
1108 2103 1158 2162 illa

124 2175 274 2276 ξξξηωὶζζγῗ
294 2177 332 2267 ἷῖζ
370 2198 474 2257 lautior
488 2217 522 2256 ac
536 2195 718 2274 splendidior
737 2208 766 2256 et
780 2196 842 2255 viro
857 2196 923 2256 forti
940 2199 1077 2274 claroque
1096 2196 1157 2275 dig·
1170 2220 1201 2255 πο

125 2274 202 2365 ῗζὲἷξῖ
219 2276 255 2317 ‘¹¹‘
274 2288 332 2318 ”¹⁰¹⁶
370 2295 441 2355 nior.
485 2296 674 2371 Quamquam
692 2293 773 2355 enim
792 2293 822 2352 in
841 2305 968 2371 utroque
986 2295 1061 2353 inest
1074 2293 1158 2381 grati·

121 2388 228 2449 ficandi
248 2390 374 2450 liberalis
393 2392 538 2463 voluntas,
561 2401 661 2449 tamen
676 2391 766 2451 altera
785 2410 823 2451 ex
843 2409 918 2461 arca,
940 2393 1030 2451 altera
1048 2391 1157 2451 ervir-

121 2497 183 2547 tute
204 2487 393 2562 depromitur,
415 2487 599 2564 largitioque,
622 2506 697 2563 quae
719 2488 752 2546 frt
772 2506 858 2548 exre
879 2487 1021 2560 familiari,
1043 2491 1155 2549 fontem

120 2582 217 2659 ipsum
240 2581 428 2660 benignitatis
455 2583 593 2643 exhaurit.
638 2585 684 2642 Ita
711 2582 890 2660 benignitate
913 2583 1076 2661 benignitas
1103 2588 1157 2645 tol·

119 2679 194 2750 litur,
223 2697 282 2755 qua
309 2697 369 2754 quo
397 2677 427 2736 in
455 2680 553 2754 plures
581 2698 651 2737 usus
678 2678 725 2751 sis,
750 2697 787 2738 eo
809 2677 906 2737 minus
928 2678 959 2736 in
980 2682 1088 2739 multos
1111 2680 1155 2740 uti
1168 2699 1198 2749 25

118 2773 219 2849 possis.
264 2790 309 2849 53.
352 2776 392 2832 At
414 2773 465 2849 qui
486 2772 583 2849 opera,
605 2772 637 2833 id
658 2784 702 2833 est
722 2773 826 2832 virtute
848 2784 877 2833 et
898 2773 1048 2847 industria,
1068 2775 1155 2836 bene-

118 2869 218 2927 ficiet
245 2867 377 2928 liberales
400 2879 493 2942 erunt,
518 2868 646 2945 primum
674 2888 734 2944 quo
761 2868 893 2946 pluribus
920 2870 1087 2946 profuerint,
1116 2889 1153 2931 eo

117 2965 214 3040 plures
238 2964 277 3022 ad
299 2963 424 3040 benigne
449 2964 617 3023 faciendum
640 2965 789 3024 adiutores
811 2964 978 3037 habebunt;
993 2964 1062 3024 dein
1085 2985 1155 3026 con·

116 3059 272 3119 suetudine
292 3059 503 3119 beneficentiae
522 3059 678 3135 paratiores
698 3072 783 3120 erunt
796 3071 826 3121 et
847 3070 997 3135 tamquam
1018 3061 1154 3121 exercita·

117 3185 211 3226 „mm
224 3198 327 3234 mm,
365 3154 452 3214 tiores
472 3156 510 3214 ad
524 3155 600 3214 bene
620 3156 657 3214 de
675 3154 774 3213 multis
790 3155 1026 3230 promerendum.
1069 3159 1153 3217 Prae·
1166 3180 1197 3231 30

116 3235 328 3326 {ilffifgssssffiss
365 3252 441 3309 clare
466 3249 497 3307 in
524 3249 649 3325 epistula
676 3250 805 3325 quadam
832 3251 1033 3310 Alexandrum
1059 3251 1152 3313 filium

115 3347 211 3387 W*
365 3345 518 3421 Philippus
538 3356 664 3417 accusat,
691 3346 773 3422 quod
796 3344 949 3422 largitione
976 3349 1153 3409 benevolen-

117 3440 189 3502 tiam
204 3443 406 3501 Macedonum
420 3452 622 3502 consectetur:
649 3443 751 3515 ‘Quae
765 3452 803 3514 te,
819 3443 942 3500 malum'
952 3441 1048 3519 inquit
1063 3444 1152 3505 ‘ratio

117 3534 148 3596 in
162 3535 247 3596 istam
261 3556 344 3613 spem
360 3536 482 3609 induxit,
498 3548 531 3596 ut
544 3554 596 3596 eos
611 3535 663 3595 tibi
677 3537 778 3596 fideles
797 3546 913 3612 putares
932 3539 1002 3610 fore,
1017 3556 1091 3614 quos
1104 3537 1153 3615 pe

116 3630 205 3690 cunia
218 3631 416 3708 corrupisses?
456 3634 505 3690 An
520 3642 552 3690 tu
562 3630 594 3691 id
607 3631 677 3708 agis
694 3644 726 3690 ut
741 3631 923 3691 Macedones
937 3650 998 3691 non
1011 3642 1040 3693 te
1053 3652 1152 3712 regem
1165 3662 1194 3717 ³⁵

230 3851 257 3884 rr
276 3843 377 3898 utraque
389 3850 420 3884 sc.
435 3835 601 3899 beneficentiae
611 3837 706 3886 ratione
718 3837 799 3888 Hcr'ne
807 3837 848 3891 Lu
860 3846 944 3890 contra
954 3841 1020 3892 codd.

1169 3900 1300 4000 P
