2670 4296
48 1362 101 1414 XX

115 224 290 312 111xx81]
371 229 421 290 De
439 228 608 288 contentione
626 229 753 289 Honesti
767 235 796 288 et
823 230 911 290 wileo
1100 252 1155 310 1²3

113 411 159 462 est
184 411 330 463 vetustate
361 399 567 478 proverbium:
596 419 666 459 cum
697 392 784 482 enim'
808 401 899 460 fidem
926 401 1048 463 alicuius
1074 403 1158 466 boni·

113 505 264 574 tatemque
286 498 416 571 laudant,
442 497 578 574 ‘dignum
600 497 676 557 esse'
698 495 802 556 dicunt
823 495 956 573 ‘quicum
977 496 1008 558 in
1029 499 1158 562 tenebris

113 591 223 653 mices!
265 596 336 654 Hoc
354 613 445 672 quam
461 595 551 654 habet
568 593 629 653 vim
648 593 705 653 nisi
721 593 811 667 illam,
827 593 899 654 nihil
918 595 1057 673 expedire
1075 597 1157 674 quod

114 702 175 748 non
197 689 309 764 deceat,
324 689 413 750 etiam
433 689 458 749 si
478 688 510 748 id
530 689 624 766 possis
645 690 727 749 nullo
748 690 897 751 refellente
918 691 1068 752 obtinere?
1098 697 1154 768 78.

114 784 246 845 Videsne
273 787 331 845 hoc
358 785 512 862 proverbio
540 805 637 862 neque
665 785 741 863 Gygi
768 786 810 845 illi
836 806 923 863 posse
950 788 1067 848 veniam
1094 789 1157 850 dari
1186 810 1199 857 ε

113 897 211 957 neque
230 881 307 955 huic,
323 902 411 959 quem
431 884 521 959 paulo
539 893 608 942 ante
624 883 772 960 fingebam
792 883 951 960 digitorum
968 885 1156 961 percussione

114 976 291 1037 hereditates
312 978 445 1037 omnium
464 997 552 1055 posse
573 983 762 1039 converrere!
803 981 847 1039 Ut
867 979 956 1054 enim,
971 982 1053 1058 quod
1073 993 1156 1061 turpe

111 1065 168 1148 est,
184 1073 224 1148 id,
244 1075 376 1150 quamvis
394 1078 564 1148 occultetur,
582 1087 681 1134 tamen
702 1076 860 1134 honestum
880 1076 942 1136 fieri
962 1080 1043 1138 nullo
1064 1081 1156 1142 modo

113 1181 220 1246 potest,
242 1171 292 1244 sic,
309 1172 392 1248 quod
411 1173 569 1232 honestum
589 1190 651 1231 non
671 1182 724 1243 est,
746 1170 777 1230 id
797 1171 867 1233 utile
888 1183 920 1233 ut
941 1172 978 1234 sit
998 1174 1074 1234 effici
1093 1195 1154 1237 non

113 1278 211 1344 potest
224 1269 396 1328 adversante
410 1279 440 1328 et
453 1280 633 1346 repugnante
648 1279 757 1328 natura
1169 1292 1199 1327 10

136 1410 184 1453 The
204 1411 325 1462 mamm&
424 1382 470 1440 79.
492 1367 534 1424 At
554 1363 642 1438 enim,
658 1383 727 1423 cum
747 1385 907 1444 permagna
926 1367 1057 1444 praemia
1076 1380 1153 1444 sunt,
1223 1375 1226 1382 '

111 1461 326 1553 ffussiidffissil
362 1471 408 1522 est
441 1480 529 1521 causa
556 1460 706 1537 peccandi.
755 1464 789 1523 C.
820 1463 932 1523 Marius
960 1484 1029 1525 cum
1056 1485 1074 1525 a
1100 1462 1163 1544 spe'

110 1560 324 1621 130we1210bede·
362 1557 532 1617 consulatus
552 1559 640 1634 longe
659 1557 775 1617 abesset
796 1569 826 1618 et
845 1558 904 1617 iam
925 1559 1082 1636 septimum
1102 1581 1154 1621 an·

110 1613 325 1662 nvedlromawrong

110 1663 324 1753 ffssflssoeffiff
362 1672 434 1712 num
461 1664 527 1730 post
554 1665 719 1731 praeturam
753 1653 860 1714 iaceret
887 1674 983 1732 neque
1010 1657 1152 1732 petiturus

109 1762 161 1803 eoa
194 1762 327 1806 conductos
360 1768 501 1826 umquam
528 1751 714 1808 consulatum
740 1748 894 1824 videretur,
920 1753 957 1826 Q.
988 1754 1150 1827 Metellum,
1167 1779 1195 1828 15

109 1821 204 1855 uentus„
360 1846 444 1905 cuius
470 1846 583 1922 legatus
609 1852 678 1914 e'rat,
701 1863 848 1904 summum
875 1844 969 1905 virum
997 1858 1026 1907 et
1047 1847 1151 1922 civem,

109 1958 179 2000 curn
212 1941 250 2001 ab
277 1959 323 2017 e0,
351 1940 525 2018 imperatore
559 1959 623 2014 suo,
657 1942 786 2000 Romam
820 1940 925 2000 missus
958 1953 1043 2017 esset,
1071 1946 1151 2021 apud

110 2037 252 2115 populum
273 2039 444 2097 Romanum
471 2035 640 2096 criminatus
661 2047 706 2097 est
727 2036 850 2097 ‘bellum
870 2037 953 2097 illum
974 2039 1098 2100 ducere:
1125 2040 1151 2100 si

110 2146 143 2191 se
169 2133 321 2192 consulem
349 2132 496 2207 fecissent,
524 2131 605 2192 brevi
632 2141 764 2208 tempore
791 2143 842 2193 aut
868 2131 966 2192 rivum
993 2144 1044 2195 aut
1076 2153 1151 2195 mor·

110 2237 193 2288 tuum
208 2230 379 2307 Iugurtham
393 2249 425 2291 se
439 2230 470 2288 in
486 2238 662 2306 potestatem
679 2227 782 2305 populi
801 2229 931 2288 Romani
946 2230 1149 2290 redacturum!
1164 2259 1194 2296 ιο
1214 2256 1217 2263 ·

111 2324 216 2401 Itaque
237 2327 332 2386 factus
355 2338 400 2387 est
421 2326 470 2386 ille
498 2326 618 2402 quidem
639 2326 751 2397 consul,
776 2326 870 2385 seda
896 2327 955 2386 fide
982 2326 1149 2404 iustitiaque

109 2420 252 2495 discessit,
274 2421 326 2498 qui
352 2423 496 2500 optimum
517 2432 547 2481 et
572 2420 776 2498 gravissimum
803 2420 906 2492 civem,
927 2421 1011 2482 cuius
1038 2424 1149 2502 legatus
1196 2431 1197 2436 ’

109 2530 140 2581 et
165 2538 185 2580 a
211 2539 271 2597 quo
292 2518 399 2580 missus
420 2531 505 2595 esset,
528 2519 560 2578 in
580 2519 722 2579 invidiam
743 2520 816 2580 falso
843 2518 964 2580 crimine
985 2521 1146 2583 adduxerit.

135 2649 322 2693 comm,
360 2618 408 2675 80.
438 2619 486 2676 Ne
504 2626 605 2677 noster
621 2615 743 2692 quidem
764 2615 952 2676 Gratidianus
966 2617 1063 2678 officio
1077 2618 1148 2678 boni

29 2775 32 2779 ,
109 2711 221 2743 nmmos
358 2713 412 2774 viri
438 2715 556 2772 functus
583 2723 628 2773 est
654 2724 727 2786 tum,
749 2732 818 2772 cum
844 2725 960 2790 praetor
986 2725 1063 2775 esset
1089 2716 1147 2775 col·
1161 2745 1191 2795 ²5

108 2811 276 2890 legiumque
289 2821 455 2888 praetorum
469 2808 577 2869 trib'uni
590 2809 670 2885 plebi
683 2809 894 2883 adhibuissent,
910 2821 942 2870 ut
956 2828 1002 2871 res
1015 2811 1148 2872 numaria

108 2910 147 2970 de
160 2909 312 2970 communi
325 2907 470 2968 sententia
482 2905 709 2967 constitueretur
712 2927 722 2981 ς
741 2906 902 2967 iactabatur
919 2906 1000 2968 enim
1013 2909 1149 2986 tempori·

99 3003 162 3064 ¹bus
182 3003 238 3063 illis
255 3022 362 3078 numus
380 3001 434 3076 sic,
446 3012 479 3062 ut
493 3020 582 3062 nemo
598 3013 698 3078 posset
716 3001 790 3062 scire
806 3000 878 3079 quid
896 3002 1025 3062 haberet.
1067 3005 1148 3066 Con·

107 3100 283 3177 scripsemnt
298 3099 494 3160 communiter
507 3098 638 3159 edictum
657 3118 725 3158 cum
739 3116 836 3174 poena
850 3109 939 3174 atque
953 3098 1064 3161 iudicio
1078 3119 1148 3161 con·

106 3196 328 3272 stitueruntque,
343 3207 377 3256 ut
397 3215 501 3256 omnes
519 3193 606 3254 simul
625 3194 656 3253 in
674 3206 767 3254 rostra
786 3205 854 3271 post
874 3193 1027 3256 meridiem
1047 3216 1146 3258 escen·
1156 3225 1190 3278 30

106 3294 217 3354 derent.
247 3295 285 3352 Et
296 3291 384 3354 ceteri
397 3291 517 3370 quidem
529 3291 603 3350 alius
614 3290 680 3364 alio,
692 3290 803 3350 Marius
811 3291 849 3350 ab
858 3291 1002 3352 subselliis
1015 3291 1046 3352 in
1054 3305 1147 3355 rostra

105 3399 185 3449 recta
198 3388 297 3465 idque,
313 3390 395 3465 quod
408 3385 605 3448 communiter
620 3386 818 3463 compositum
834 3389 936 3459 suerat,
951 3389 1030 3447 solus
1044 3387 1142 3449 edixit

106 3486 146 3544 Et
165 3503 202 3544 ea
223 3503 278 3557 res,
302 3484 327 3542 si
347 3483 471 3560 quaeris,
493 3482 521 3542 ei
545 3500 653 3558 magno
677 3481 783 3541 honori
803 3480 866 3541 suit.
907 3482 1054 3543 Omnibus
1072 3482 1145 3543 vicis

105 3591 227 3652 statuae,
242 3581 281 3639 ad
299 3599 349 3639 eas
367 3592 423 3654 tus,
438 3579 521 3640 cerei.
566 3577 647 3654 Quid
661 3579 769 3639 multa?
790 3598 878 3639 nemo
892 3598 1032 3656 umquam
1050 3579 1146 3642 multi·

105 3675 201 3737 tudini
215 3675 268 3734 luit
282 3676 383 3737 carior.
427 3679 473 3736 81.
507 3679 594 3736 Haec
605 3687 673 3735 sunt
687 3695 763 3752 quae
774 3676 950 3736 conturbent
960 3675 992 3734 in
1006 3675 1144 3737 delibera-
1156 3699 1187 3756 35

104 3772 186 3835 tione
200 3790 261 3831 non
275 3791 445 3850 numquam,
461 3791 529 3831 cum
546 3771 586 3844 id,
601 3771 707 3848 inquo
725 3770 850 3831 violatur
870 3771 1009 3848 aequitas,
1025 3790 1086 3831 non
1103 3773 1145 3835 ita

102 3886 250 3947 magnum,
265 3866 338 3927 illud
356 3879 464 3941 autern,
479 3867 562 3946 quod
575 3886 612 3927 ex
629 3885 666 3927 eo
680 3865 795 3945 paritur,
809 3885 1000 3946 permagnum
1018 3859 1141 3947 videtur,
