2670 4296
106 204 280 288 llIv1134]
343 209 416 267 ‘De
433 205 598 268 contentione
615 210 738 268 Honesti
756 216 782 268 et
807 209 893 268 istilo's'
1090 218 1145 286 '107

102 376 240 453 corporis,
256 374 298 434 sic
311 374 367 432 ista
386 374 418 433 in
438 375 528 451 figura
546 373 674 434 hominis
695 374 792 434 feritas
811 387 840 434 et
857 375 1015 436 inmanitas
1034 377 1139 438 beluae

103 492 122 532 a
148 470 300 532 communi
325 481 475 546 tamquam
503 468 692 529 humanitatis
726 489 848 547 corpore
882 473 1061 549 segreganda
1088 483 1140 533 est.

104 569 204 628 Huius
217 567 331 645 generis
351 566 538 643 quaestiones
559 577 626 627 sunt
647 586 750 627 omnes
769 587 830 641 eae,
845 567 876 626 in
893 567 999 644 quibus
1016 589 1052 629 ex
1070 580 1143 630 tem·

104 683 174 741 pore
189 662 319 722 officium
333 661 499 738 exquiritur.

40 771 93 845 ω
129 797 186 838 Such
212 811 248 838 m
282 795 317 837 ,he
415 778 461 834 33.
493 757 566 818 Eius
584 758 666 818 modi
684 759 880 836 igiturcredo
897 781 943 822 res
964 761 1137 822 Panaetium
1173 780 1186 829 5
1213 765 1217 770 ’

103 847 316 938 ξῑζξὴοξΑξξξξῗζ
354 866 574 932 persecuturum
589 857 684 930 fuisse,
701 858 757 917 nisi
770 858 861 935 aliqui
880 878 964 919 casus
984 871 1034 919 aut
1054 880 1168 925 occu,

102 947 210 1039 ffiffisssssejd
219 947 316 1038 “‘inhffi
353 954 434 1030 patio
448 953 511 1014 eius
524 953 679 1014 consilium
694 955 871 1031 peremisset.
914 957 963 1015 Ad
977 977 1050 1033 quas
1065 957 1142 1035 ipsas

102 1049 232 1149 {ffljfioffi
250 1048 315 1138 [ἓξὲξ
354 1051 584 1112 consultationes
598 1072 636 1112 ex
650 1052 846 1128 superioribus
860 1053 939 1113 libris
958 1053 1027 1112 satis
1047 1056 1139 1113 multa

103 1149 268 1240 iisrpr⁰s⁸⁵⁵⁰⁵fi
283 1148 315 1238 ³¹⁵3
353 1160 510 1224 praecepta
530 1159 606 1221 sunt,
622 1149 728 1224 quibus
749 1149 875 1225 perspici
896 1149 987 1226 possit
1008 1149 1081 1226 quid
1102 1149 1138 1210 sit

148 1213 177 1248 gn
205 1208 226 1239 to
270 1213 300 1238 ms

103 1249 316 1350 {ffi‘tllhhhlliit
354 1257 473 1321 propter
485 1245 698 1321 turpitudinem
717 1246 896 1322 fugiendum,
913 1247 985 1323 quid
1000 1247 1036 1306 sit
1056 1248 1139 1323 quod
1155 1270 1185 1305 10

102 1350 317 1440 wigethgoffigffi
354 1340 463 1401 idcirco
482 1341 655 1418 fugiendum
676 1343 737 1401 non
756 1342 801 1414 sit,
817 1344 899 1418 quod
918 1344 1040 1403 omnino
1055 1354 1140 1420 turpe

101 1450 149 1541 {placi
162 1451 316 1550 fflff‘ffi
353 1459 415 1498 non
437 1439 480 1498 sit.
519 1441 583 1511 ‚Sed
608 1440 750 1516 quoniam
772 1441 852 1516 operi
876 1441 1024 1515 inchoato,
1046 1461 1139 1519 prope
1222 1478 1224 1485 ,

101 1551 220 1642 iiiiii
235 1550 316 1610 'entes
351 1548 449 1596 tamen
463 1537 607 1609 absoluto,
623 1548 774 1612 tamquam
788 1537 934 1614 fastigium
952 1538 1138 1614 imponimus,

99 1611 202 1700 mitia’ai
221 1614 270 1691 ⁸1¹8?
275 1614 314 1690 ll}
350 1645 382 1692 ut
408 1634 575 1710 geometrae
603 1636 699 1693 solent
726 1654 787 1693 non
815 1635 915 1693 omnia
942 1636 1057 1708 docere,
1086 1637 1139 1696 sed

59 1774 64 1782 -
99 1710 313 1799 litintlehlliia‘
349 1732 497 1806 postulare
524 1742 555 1789 ut
583 1731 730 1806 quaedam
758 1730 813 1790 sibi
841 1733 1048 1805 concedantur,
1078 1751 1138 1808 quo
1156 1751 1181 1802 ¹5

99 1801 310 1902 ξζῗξῖῑὲᾟζῃξῗζ
348 1825 459 1884 facilius
487 1844 562 1901 quae
590 1828 694 1884 volunt
722 1826 875 1902 explicent,
905 1826 946 1885 sie
974 1845 1029 1902 ego
1064 1846 1081 1885 a
1109 1839 1138 1887 te

99 1903 307 1942 ²⁵⁵⁰¹¹¹“¹‘⁰b⁶¹“¹‘'
348 1924 474 1999 postulo,
489 1922 530 1981 mi
552 1922 665 1997 Cicero,
683 1934 716 1982 ut
734 1923 807 1982 mihi
823 1925 978 1998 concedas,
999 1924 1023 1983 si
1044 1936 1138 2000 potes,

100 2017 172 2076 nihil
195 2030 310 2095 praeter
333 2019 373 2092 id,
399 2020 481 2094 quod
504 2020 661 2081 honestum
686 2019 731 2091 sit,
757 2033 876 2096 propter
903 2040 934 2079 se
961 2040 1026 2080 esse
1049 2040 1140 2098 'expe-

100 2116 232 2175 tendum.
285 2115 335 2175 Sin
359 2117 418 2174 hoc
441 2135 502 2175 non
525 2115 593 2174 licet
619 2103 672 2192 per
700 2115 880 2193 Cratippum,
904 2129 933 2176 at
960 2118 1033 2177 illud
1060 2129 1139 2178 certe

101 2212 194 2284 dabis,
210 2213 291 2288 quod
311 2213 469 2271 honestum
491 2211 535 2284 sit,
559 2212 590 2270 id
610 2231 674 2271 esse
695 2231 833 2272 maxume
854 2225 973 2289 propter
995 2233 1026 2273 se
1053 2233 1138 2290 expe·
1151 2236 1182 2270 no

99 2310 229 2369 tendum.
275 2308 351 2367 Mihi
371 2307 513 2366 utrumvis
533 2308 602 2366 satis
624 2320 675 2380 est,
690 2320 720 2367 et
741 2320 804 2367 tum
823 2310 881 2368 hoc
901 2321 964 2368 tum
983 2310 1055 2369 illud
1074 2330 1139 2387 pro-

99 2406 225 2468 babilius
246 2405 360 2465 videtur
381 2425 436 2464 nee
456 2416 606 2482 praeterea
627 2406 786 2481 quicquam
807 2406 966 2482 probabile.
1010 2427 1056 2482 34.
1092 2410 1137 2468 Ac

122 2539 255 2581 Vindica„0n
287 2540 312 2580 0,
346 2502 473 2579 primum
488 2501 518 2559 in
532 2503 589 2560 hoe
604 2502 760 2561 Panaetius
772 2504 976 2563 defendendus
991 2514 1043 2577 est,
1055 2505 1138 2580 quod

97 2601 225 2631 ’ΔΝΜ
262 2591 309 2630 ‘Vll'
347 2618 407 2657 non
434 2599 517 2657 utilia
550 2618 618 2657 cum
653 2599 783 2658 honestis
817 2619 946 2676 pugnare
977 2600 1137 2676 aliquando
1212 2671 1215 2677 .

98 2651 168 2682 meant
191 2655 204 2681 a
225 2641 308 2682 conflict

97 2690 312 2740 bttwoense‘mfflss
346 2716 433 2773 posse
448 2695 689 2771 dixerit—neque
703 2695 783 2755 enim
796 2696 824 2755 ei
839 2698 881 2755 fas
899 2707 1009 2769 erat—,
1025 2699 1078 2758 sed
1092 2718 1134 2771 ea,
1150 2714 1180 2763 25
1256 2736 1262 2745 ‚

98 2741 309 2833 fflissiistuiid
346 2813 422 2869 quae
443 2794 611 2852 viderentur
631 2793 719 2852 utilia
764 2793 846 2851 Nihil
869 2813 939 2853 vero
961 2794 1031 2853 utile
1055 2796 1137 2871 quod

96 2909 158 2949 non
185 2889 264 2949 idem
291 2890 457 2961 honestum,
481 2888 553 2947 nihil
581 2890 738 2948 honestum
767 2889 848 2964 quod
870 2908 930 2948 non
958 2889 1038 2950 idem
1066 2891 1137 2951 utile

96 2987 142 3060 sit,
165 3007 253 3063 saepe
273 2998 394 3046 testatur
418 2996 564 3064 negatque
585 2987 675 3045 ullam
696 2997 810 3062 pestem
832 2986 973 3046 maiorem
995 2987 1026 3046 in
1046 2987 1136 3047 vitam

96 3084 251 3144 hominum
272 3084 411 3143 invasisse
433 3104 522 3160 quam
543 3103 646 3143 eorum
668 3083 849 3158 opinionem,
869 3084 920 3160 qui
940 3084 995 3143 ista
1015 3084 1136 3145 distrax-

95 3181 178 3241 erint.
222 3184 327 3257 ltaque
342 3201 402 3240 non
417 3180 624 3256 utaliquando
639 3193 884 3257 anteponeremus
898 3181 981 3240 utilia
994 3182 1132 3256 honestis,
1148 3199 1180 3248 30

96 3283 149 3340 sed
171 3292 203 3341 ut
228 3301 263 3341 ea
286 3281 348 3339 sine
370 3298 465 3338 errore
494 3277 730 3348 diiudicaremus,
753 3277 778 3336 si
805 3279 926 3354 quando
953 3278 1133 3351 incidissent,

96 3375 211 3438 induxit
231 3396 306 3450 eam,
330 3395 406 3452 quae
425 3374 572 3435 videretur
595 3393 668 3446 esse,
691 3393 752 3433 non
773 3393 849 3450 quae
869 3384 955 3448 esset,
973 3394 1134 3453 repugnan-

144 3580 158 3614 s
197 3567 320 3616 communi
341 3564 494 3615 humanitate
515 3563 623 3626 corporis
644 3563 718 3624 codd,
743 3579 805 3627 quae
825 3563 898 3621 lectio,
924 3568 954 3611 ut
975 3565 1070 3612 monuit
1089 3565 1132 3624 Or,

92 3650 187 3712 stupori
208 3649 367 3696 lo'broroorum
384 3647 521 3705 dedolatum·
543 3645 702 3694 humanitatis
722 3660 824 3708 corpore
841 3660 908 3692 unns
923 3644 994 3692 codex
1013 3646 1052 3693 Gu
1073 3659 1086 3706 3
1104 3653 1133 3694 nt

92 3730 203 3778 volmrot
218 3729 350 3776 Muretus:
369 3728 498 3790 vnolgatum
519 3731 599 3774 servat
619 3726 656 3784 St,
677 3723 813 3774 communis
826 3730 875 3787 pro
896 3724 1022 3773 communi
1036 3727 1116 3788 posito
1122 3742 1133 3784 ;

94 3804 150 3852 om
160 3810 219 3852 nott.
232 3809 318 3866 exeget.
353 3807 362 3859 ΙΙ
398 3817 425 3863 31
444 3817 500 3850 eam
511 3803 551 3861 (sc.
563 3804 763 3866 repugnantiam)
775 3802 827 3852 sine
842 3819 922 3852 errore
933 3802 1130 3865 diiudicaremus,

94 3884 116 3937 si
127 3885 226 3950 quando
237 3884 361 3934 incidisset
377 3885 461 3948 Unger
469 3883 552 3932 Heino
561 3884 640 3933 Lund
