2670 4296
170 234 226 276 122
420 218 470 278 De
488 219 656 280 contentione
675 221 802 280 Honesti
816 227 845 280 et
868 221 956 282 01ιῖιέ
1027 217 1091 302 [III
1105 238 1163 282 xrx
1179 222 1216 297 76

167 389 274 464 regula
318 387 379 464 Qui
405 390 464 449 hoc
488 408 549 449 non
571 389 737 467 perviderit,
762 391 800 451 ab
823 392 882 451 hoc
909 392 990 450 nulla
1010 392 1089 452 fraus
1112 392 1213 467 aberit,
1307 402 1310 407 '

168 485 282 542 nullum
295 483 416 544 facinus.
447 483 496 545 Sic
506 485 585 546 enim
598 486 744 564 cogitans:
760 490 817 546 ‘est
830 485 905 546 istuc
914 485 1036 563 quidem
1047 488 1214 562 honesturn,
1248 511 1250 516 ·

167 599 270 640 verum
284 581 342 640 hoc
356 581 493 657 expedit’
507 601 553 642 res
566 602 585 642 a
598 594 703 642 natura
715 584 866 660 copulatas
880 583 1001 643 audebit
1014 603 1110 643 errore
1125 584 1215 645 divel·
1234 633 1236 637 ,

166 679 237 752 1111,
252 677 304 754 qui
316 679 383 739 fons
397 690 441 739 est
455 679 610 753 fraudium,
626 681 845 754 maleficiorum,
861 682 1005 741 scelerum
1019 681 1161 743 omnium.

88 797 156 847 XIX
480 779 586 854 Itaque
607 777 632 837 si
649 776 694 838 vir
712 778 809 838 bonus
828 778 937 838 habeat
954 778 1031 838 hanc
1049 778 1118 853 vim,
1133 791 1174 852 ut,
1190 778 1215 840 si
1244 803 1258 851 5

193 873 311 916 Chfflffl'
329 874 386 917 ⁰f⁸
421 873 519 951 digitis
541 874 751 953 concrepuerit,
775 874 868 952 possit
891 874 922 934 in
944 876 1137 953 locupletium
1160 888 1216 938 tes·

166 925 224 975 truly
248 925 304 975 good
329 939 383 967 man.

167 975 383 1066 gefflrinqteuoose
420 982 551 1034 tamenta
585 993 695 1034 nomen
728 974 791 1034 eius
825 973 965 1051 inrepere,
1000 975 1057 1034 hac
1089 975 1119 1034 vi
1153 994 1214 1036 non

240 1039 277 1066 ea
292 1035 383 1076 vaninge

167 1076 386 1167 qfrgpqorgqqitigogf
421 1080 525 1142 utatur,
553 1090 592 1130 ne
626 1071 650 1130 si
684 1072 867 1148 exploratum
900 1070 1021 1147 quidem
1048 1072 1156 1132 habeat
1180 1071 1214 1133 id

167 1175 384 1278 ssilssiienssiriiei'ii
420 1165 542 1226 omnino
564 1164 713 1226 neminem
735 1184 877 1241 umquam
901 1165 1121 1242 suspicaturum.
1172 1170 1214 1229 At

168 1278 210 1318 oce
228 1276 270 1316 ana
292 1277 383 1327 aanor·
419 1261 504 1321 dares
522 1262 599 1321 hanc
619 1261 680 1321 vim
705 1264 748 1323 M.
773 1265 889 1336 Crasso,
912 1273 944 1323 ut
969 1262 1127 1340 digitorum
1149 1283 1211 1341 per·
1228 1297 1259 1333 ιο

168 1340 230 1377 ency,
252 1339 290 1366 nor
315 1337 383 1367 enter-

167 1377 212 1437 ¹¹³¹}
246 1389 259 1416 a
293 1377 382 1428 thought
419 1358 555 1418 cussione
575 1359 659 1419 heres
679 1370 779 1436 posset
797 1358 921 1436 scriptus
937 1379 1010 1433 esse,
1026 1360 1077 1436 qui
1097 1381 1128 1421 re
1145 1381 1213 1422 vera

167 1426 383 1528 liminibissdi
419 1474 480 1515 non
501 1465 578 1515 esset
597 1456 691 1528 heres,
714 1455 745 1514 in
769 1456 841 1527 foro,
866 1455 939 1515 mihi
966 1458 1062 1531 crede,
1086 1460 1210 1519 saltaret

168 1528 252 1620 ffi,
267 1527 383 1618 tneNdiiii
422 1557 526 1616 Homo
560 1565 659 1615 autem
693 1554 785 1615 iustus
820 1554 912 1632 isque,
944 1575 1034 1633 quem
1069 1556 1211 1619 sentimus

168 1626 381 1678 osExpediencyaud
439 1651 445 1664 ·
693 1650 699 1662 ·
724 1650 730 1662 ·
796 1649 803 1662 ·
903 1650 905 1654 ι
1022 1651 1029 1664 .

168 1676 255 1727 wrm,
274 1691 298 1718 a,
319 1677 381 1718 ,meh
417 1671 512 1711 virum
531 1651 654 1724 bonum,
669 1652 742 1709 1111111
756 1670 904 1726 cuiquam,
924 1653 1007 1727 quod
1020 1671 1051 1710 111
1070 1672 1102 1713 se
1121 1664 1211 1714 transf

168 1727 385 1828 ἷῑὲᾗέξξξῦῗζζῃζί
419 1749 499 1819 ierat,
512 1748 653 1807 detrahet.
698 1748 769 1806 Hoc
789 1746 841 1823 qui
860 1747 1027 1820 admiratur,
1043 1748 1067 1808 is
1086 1769 1117 1810 se
1139 1750 1212 1827 quid
1228 1777 1256 1827 ¹5

420 1844 456 1903 sit
476 1844 520 1903 vir
542 1844 639 1903 bonus
666 1842 779 1902 nescire
806 1844 936 1903 fateatur.
982 1845 1027 1918 76.
1065 1845 1106 1904 At
1132 1865 1211 1920 vero,

170 1939 195 2000 si
215 1940 266 2018 qui
285 1939 408 2001 voluerit
425 1939 516 1999 animi
535 1939 579 1998 sui
596 1939 803 2016 complicatam
824 1938 977 1999 notionem
996 1942 1137 2015 evolvere,
1148 1940 1212 2002 'iam
1253 2015 1255 2021 Ι

168 2055 202 2097 11
229 2037 292 2114 ipse
320 2038 425 2097 doceat
453 2056 521 2097 eum
548 2037 641 2096 virum
669 2038 781 2097 bonum
808 2056 882 2110 esse,
905 2036 957 2113 qui
987 2037 1078 2114 prosit
1105 2039 1212 2116 quibus

169 2135 270 2212 possit,
290 2146 397 2195 noceat
417 2133 528 2195 nemini
548 2134 605 2194 nisi
624 2134 776 2195 lacessitus
796 2133 907 2194 iniuria.
952 2135 1032 2211 Quid
1052 2140 1143 2214 ergo?
1163 2136 1213 2198 hic

123 2250 126 2257 ’
168 2252 231 2293 non
262 2243 376 2306 noceat,
393 2231 457 2309 'qui
483 2233 613 2309 quodam
648 2232 731 2309 quasi
762 2252 878 2293 veneno
905 2233 1035 2309 perficiat
1061 2246 1094 2294 ut
1127 2254 1212 2295 veros
1226 2268 1259 2304 «ο

168 2328 293 2389 heredes
311 2340 436 2403 moveat,
452 2328 483 2388 in
502 2348 602 2389 eorum
622 2330 721 2388 locum
740 2329 802 2405 ipse
820 2329 980 2388 succedat?
1020 2331 1104 2389 ‘Non
1125 2329 1212 2408 igitur

169 2425 268 2484 iaciat'
290 2424 395 2485 dixerit
418 2425 483 2502 quis
508 2426 605 2502 ‘quod
625 2425 697 2484 utile
724 2424 769 2497 sit,
795 2425 878 2501 quod
905 2423 1070 2501 expediati'
1111 2428 1211 2503 Immo

168 2521 318 2600 intellegat
331 2520 403 2581 nihil
424 2543 480 2582 nec
500 2522 638 2599 expedire
656 2542 713 2582 nec
731 2522 802 2583 utile
820 2542 893 2596 esse,
908 2524 991 2599 qu'od
1006 2523 1043 2583 sit
1059 2522 1209 2587 iniustum.
1260 2519 1264 2532 ’

170 2623 241 2682 Hoc
254 2621 305 2698 qui
319 2640 379 2682 non
394 2620 537 2695 didicerit,
552 2622 647 2681 bonus
661 2621 704 2680 vir
714 2640 777 2681 esse
787 2641 847 2681 non
856 2621 970 2698 poterit
1015 2638 1060 2697 77.
1084 2624 1117 2684 C.
1135 2624 1211 2683 Fim·
1286 2689 1288 2695 ,

168 2716 261 2777 briam
285 2719 470 2777 consularem
496 2716 652 2777 audiebam
680 2717 718 2777 de
746 2728 828 2794 patre
855 2728 955 2778 uostro
982 2733 1055 2794 puer
1082 2718 1210 2802 iudicem
1225 2729 1258 2797 2'5

170 2815 214 2873 M.
242 2813 360 2874 Lutatio
387 2813 522 2873 Pinthiae
549 2813 647 2886 fuisse,
672 2813 764 2890 equiti
798 2815 937 2874 Romano
971 2833 1041 2875 sane
1074 2815 1209 2889 honesto,

168 2929 237 2969 curn
261 2909 285 2969 is
309 2909 499 2986 sponsionem
520 2909 635 2970 fecisset
656 2927 692 2969 111
712 2927 769 2969 vin
790 2926 889 2970 aonvs
912 2927 1011 2971 assor.
1054 2913 1160 2988 Itaque
1181 2911 1210 2972 ei

168 3006 276 3068 dixisse
297 3006 456 3066 Fimbriam
476 3026 507 3066 se
526 3005 605 3065 illam
624 3025 686 3066 rem
703 3025 864 3082 numquam
883 3005 1087 3080 iudicaturum,
1103 3026 1141 3068 ne
1158 3016 1210 3069 aut

168 3104 305 3181 spoliaret
325 3106 402 3163 fama
420 3104 576 3181 probatum
596 3104 758 3177 hominem,
776 3102 801 3163 si
821 3115 924 3163 contra
943 3103 1138 3178 iudicavisset,
1158 3115 1210 3166 aut

168 3199 302 3261 statuisse
328 3201 476 3261 videretur
501 3200 594 3260 vimm
622 3201 736 3260 bonum
763 3218 828 3260 esse
855 3199 991 3276 aliquem,
1014 3219 1082 3258 cum
1106 3220 1142 3261 ea
1162 3220 1209 3262 res
1223 3231 1257 3281 30

168 3296 428 3357 innumerabilibus
449 3297 552 3359 officiis
568 3309 598 3358 et
616 3297 753 3357 laudibus
774 3295 978 3356 contineretur.
1023 3296 1104 3356 Huic
1124 3296 1211 3374 igitur

167 3393 230 3453 viro
250 3394 340 3467 b0n0,
360 3412 448 3469 quem
471 3393 600 3453 Fimbria
615 3393 713 3466 etiam,
731 3411 792 3452 non
814 3392 905 3452 modo
923 3392 1057 3452 Socrates
1079 3403 1208 3466 noverat,

168 3491 250 3549 nullo
277 3490 369 3550 modo
395 3488 488 3550 videri
514 3500 612 3566 potest
646 3489 805 3566 quiequam
833 3507 897 3548 esse
924 3487 1002 3560 utile,
1032 3489 1114 3564 quod
1147 3507 1209 3549 non

167 3586 324 3647 honestum
345 3586 389 3647 sit.
433 3589 538 3663 Itaque
557 3585 622 3646 talis
643 3586 686 3644 vir
699 3605 760 3645 non
779 3586 871 3644 modo
892 3587 995 3658 facere,
1011 3585 1064 3644 sed
1081 3604 1118 3644 ne
1132 3586 1211 3664 cogi·

167 3694 229 3744 tare
249 3683 370 3760 quidem
390 3682 549 3761 quicquam
570 3681 691 3742 audebit
711 3682 794 3758 quod
814 3701 877 3740 non
900 3682 1006 3740 audeat
1030 3680 1206 3757 praedicare.
1223 3709 1254 3762 35

167 3781 256 3840 Haec
282 3798 343 3839 non
370 3789 455 3855 turpe
482 3789 527 3838 est
554 3776 689 3837 dubitare
716 3776 916 3852 philosophos,
939 3794 1016 3852 quae
1043 3795 1081 3836 ne
1108 3777 1209 3838 rustici

165 3873 289 3954 quidem
308 3873 460 3935 dubitent?
486 3892 505 3934 a
521 3872 628 3951 quibus
646 3883 749 3932 natum
765 3883 809 3932 est
825 3871 858 3931 id
872 3873 953 3948 quod
970 3870 1033 3939 ⁴iam
1048 3871 1209 3937 contritum
