2670 4296
191 206 233 272 126
471 207 557 266 Veras
565 207 750 283 sortaudztu's
770 210 845 270 ratio
864 216 977 270 externa
1042 283 1048 296 ⁹
1094 207 1131 291 ·[1
1144 227 1191 271 xx
1204 211 1242 287 67

195 372 289 446 utiles,
304 375 358 434 sed
378 372 433 455 [ut]
450 378 640 438 vehementer
660 380 766 439 arduas
784 382 945 456 plenasque
964 380 1099 440 labomm
1120 391 1150 442 et
1170 380 1244 458 peri-

195 471 329 530 culorum
342 491 412 531 cum
431 471 517 546 vitae,
532 484 596 534 tum
612 477 771 535 multarum
787 495 892 548 rerum,
907 495 983 552 quae
999 475 1143 536 advitam
1158 476 1245 555 perti-

208 575 409 657 Ammpassoase-
446 579 526 629 nent
569 573 615 644 67.
649 573 767 630 Harum
780 590 877 631 rerum
891 572 1016 630 duamm
1029 573 1170 648 splendor
1182 591 1244 635 orn·

196 657 408 748 ‘Tlffgflhffi‘ss
446 664 500 738 nis,
515 665 688 742 amplitudo,
703 667 784 727 addo
801 665 890 726 etiam
910 665 1074 741 utilitatem,
1096 666 1128 726 in
1147 679 1244 745 poste·

192 757 408 848 ,pffiffiuffigffi
445 761 520 822 riore
539 774 591 836 est,
609 783 698 823 causa
715 775 816 824 autem
836 774 865 823 et
885 762 959 824 ratio
973 762 1102 824 efficiens
1117 782 1240 842 magnos
1256 781 1289 839 ,s

178 857 405 919 famum&
445 860 523 922 viros
549 861 581 920 in
607 861 711 938 priore.
754 862 791 919 In
818 879 856 920 eo
883 870 928 920 est
954 859 1035 920 enim
1054 859 1137 934 illud,
1159 861 1243 938 quod

195 960 372 1018 excellentes
385 957 499 1017 animos
520 969 550 1018 et
565 958 696 1017 humana
713 967 937 1016 contemnentes
955 955 1032 1016 lacit
1082 956 1121 1016 Id
1141 967 1242 1018 autem

218 1102 408 1144 ,tconsimintwo
445 1053 542 1130 ipsum
556 1054 683 1113 cernitur
702 1052 733 1111 in
755 1053 880 1125 duobus,
895 1051 919 1111 si
940 1064 969 1112 et
990 1055 1087 1112 solum
1100 1052 1141 1126 id,
1156 1053 1240 1131 quod

194 1153 329 1204 verticum:
444 1150 603 1210 honestum
624 1150 669 1223 sit,
684 1150 798 1210 bonum
811 1149 924 1211 iudices
944 1161 974 1210 et
990 1151 1028 1210 ab
1047 1149 1129 1210 omni
1147 1149 1239 1211 animi

221 1217 241 1244 ta
269 1202 368 1244 lutheri
384 1202 408 1242 ht

195 1253 408 1354 ξῗὲιέῑῑὲἰιῗὲζιοάῑ
444 1246 662 1324 perturbatione
676 1246 749 1306 liber
763 1245 809 1306 sis.
852 1247 932 1305 Nam
945 1256 975 1306 et
989 1264 1121 1321 eaquae
1134 1244 1241 1321 eximia
1257 1263 1285 1298 ω

194 1353 248 1444 stgh
261 1317 407 1444 jpilreedppj
444 1342 590 1421 plerisque
618 1354 647 1404 et
673 1344 822 1420 praeclara
847 1341 991 1416 videntur,
1016 1362 1105 1420 parva
1131 1345 1240 1406 ducere

194 1454 280 1502 desires,
294 1467 317 1494 as
330 1468 342 1494 0
364 1467 406 1493 mo·
444 1458 538 1515 eaque
558 1438 670 1499 ratione
684 1438 780 1498 stabili
794 1439 936 1514 firmaque
949 1449 1139 1499 contemnere
1157 1439 1240 1503 fortis

193 1503 412 1604 iiiiiii‘eysseliitiii
444 1537 535 1596 animi
569 1538 726 1616 magnique
761 1537 932 1597 ducendum
959 1547 1011 1610 est,
1040 1548 1070 1597 et
1092 1555 1136 1609 ea,
1161 1556 1239 1614 quae

193 1603 407 1653 subjectionotartthe
466 1634 471 1645 .
1047 1631 1053 1644 .
1095 1631 1102 1644 .
1220 1631 1227 1644 .

221 1653 293 1702 ssions,
308 1666 331 1692 as
346 1653 405 1701 rear,
444 1635 582 1694 videntur
600 1634 714 1706 acerba,
734 1652 811 1709 quae
832 1633 926 1692 multa
945 1642 975 1692 et
995 1651 1074 1693 varra
1093 1651 1125 1690 m
1145 1633 1239 1693 homr-

193 1666 282 1751 bimo,
292 1705 371 1753 Anger,
385 1712 407 1743 to
551 1730 557 1742 .
967 1729 973 1742 .
1187 1729 1193 1743 .
1218 1729 1225 1742 .
1266 1749 1270 1758 ι

193 1753 229 1794 the
246 1754 367 1794 commanos
385 1753 410 1794 ol
445 1751 517 1791 num
530 1742 590 1791 Vlia
603 1733 778 1806 sOl'tllllaque
791 1741 950 1803 versantur,
966 1741 1006 1790 lia
1026 1731 1099 1790 ferre
1117 1740 1151 1790 ut
1164 1731 1238 1790 mhtl
1253 1755 1281 1806 ¹5

193 1805 290 1844 Reason:
320 1804 352 1844 ior
378 1817 406 1846 no

193 1854 302 1894 otherwise
321 1867 360 1894 can
373 1867 405 1894 we
442 1849 461 1888 a
481 1839 558 1888 statu
578 1839 698 1887 naturae
720 1826 863 1900 discedas,
885 1827 958 1885 nihil
981 1846 1000 1885 a
1027 1825 1168 1904 dignitate
1192 1845 1239 1886 sa.

192 1903 408 1994 liilhfffisifiiissi
443 1925 557 2003 pientis,
572 1924 684 1985 robusti
695 1925 786 1984 animi
796 1936 840 1985 est
851 1943 1034 2002 magnaeque
1044 1924 1235 1986 constantiae

184 2004 257 2094 -Ηξὲξζ
270 2004 404 2104 ,lffiyffi
443 2025 488 2082 68.
512 2023 583 2082 Non
592 2032 635 2081 est
644 2031 744 2080 autem
757 2031 998 2093 consentaneum,
1013 2019 1066 2096 qui
1079 2031 1161 2080 metu
1174 2039 1237 2081 non

192 2104 355 2195 fflssfflin
368 2105 404 2144 ¹¹¹⁶
441 2123 595 2197 frangatur,
624 2138 693 2178 eum
720 2116 813 2194 frangi
839 2115 1008 2192 cupiditate,
1029 2136 1094 2190 nec,
1122 2116 1175 2193 qui
1194 2116 1237 2176 in-

440 2215 551 2275 victum
565 2234 597 2275 se
610 2235 628 2274 a
641 2214 741 2274 labore
755 2212 937 2290 praestiterit,
951 2212 1030 2272 vinci
1043 2233 1061 2272 a
1073 2215 1232 2290 voluptate.
1249 2242 1281 2278 ao

183 2299 291 2386 Quam
305 2312 420 2374 obrem
434 2323 463 2372 et
477 2313 551 2371 haec
564 2310 693 2371 videnda
706 2321 736 2370 et
749 2309 892 2386 pecuniae
913 2308 1052 2386 fugienda
1071 2309 1236 2386 cupiditas:

190 2407 263 2467 nihil
284 2408 364 2468 enim
384 2420 428 2469 est
448 2420 509 2467 tam
529 2406 645 2484 angusti
666 2405 756 2465 animi
777 2417 897 2481 tamque
917 2404 998 2481 parvi
1018 2425 1108 2481 quam
1135 2426 1235 2468 amare

189 2503 313 2577 divitias,
341 2503 415 2563 nihil
441 2502 593 2563 honestius
627 2501 919 2578 magnificentiusque
953 2520 1043 2576 quarn
1076 2502 1234 2579 pecuniam

188 2611 386 2674 contemnere,
402 2599 426 2660 si
446 2620 507 2660 non
521 2601 649 2671 habeas;
669 2597 694 2658 si
707 2599 825 2670 habeas,
839 2599 879 2658 ad
894 2596 1119 2658 beneficentiam
1132 2597 1235 2660 libera·
1310 2610 1313 2616 '

188 2696 359 2773 litatemque
373 2698 512 2756 conferre,
556 2695 697 2755 Cavenda
716 2705 761 2753 est
781 2693 870 2752 etiam
890 2692 998 2770 gloriae
1017 2692 1173 2769 cupiditas,
1200 2705 1234 2755 ut
1246 2719 1276 2772 ²5

188 2812 275 2869 supra
302 2792 379 2867 dixi;
407 2791 491 2868 eripit
510 2791 590 2851 enim
610 2790 782 2862 libertatem,
804 2808 857 2865 pro
878 2808 938 2864 qua
957 2788 1151 2866 magnanimis
1164 2789 1232 2850 viris
1279 2829 1285 2839 ·

187 2889 283 2949 omnis
302 2891 391 2950 debet
409 2907 473 2948 esse
494 2886 653 2947 contentio.
696 2888 762 2946 Nec
779 2904 848 2963 vero
869 2884 991 2960 imperia
1010 2887 1176 2962 expetenda
1195 2905 1233 2946 ac

186 2985 284 3060 potius
304 2996 354 3045 aut
371 3005 432 3045 non
452 2983 626 3060 accipienda
641 2983 790 3042 interdum
808 2991 858 3040 aut
876 2981 1054 3057 deponenda
1070 2999 1132 3041 non
1147 3000 1233 3042 nurn-

187 3101 284 3158 quam.
328 3085 374 3158 69.
404 3081 581 3140 Vacandum
604 3090 704 3139 autem
724 3077 807 3139 omni
827 3088 871 3138 est
891 3076 982 3135 animi
1002 3076 1230 3157 perturbatione,

186 3197 256 3236 cum
284 3177 445 3254 cupiditate
472 3186 502 3235 et
522 3187 605 3236 metu
625 3186 689 3235 tum
716 3174 806 3235 etiam
827 3172 1009 3250 aegritudine
1029 3183 1059 3233 et
1078 3174 1230 3250 voluptate
1244 3199 1275 3249 30

189 3270 304 3353 [animi]
326 3285 355 3333 et
376 3271 534 3344 iracundia,
556 3283 589 3331 ut
610 3271 801 3347 tranquillitas
822 3268 913 3329 animi
933 3279 963 3329 et
983 3267 1122 3329 securitas
1141 3269 1228 3345 adsit,

185 3389 262 3445 quae
282 3370 364 3429 affert
390 3388 459 3428 cum
485 3367 682 3428 constantiam
709 3378 773 3427 tum
799 3366 888 3426 etiam
915 3363 1096 3442 dignitatem.
1139 3367 1231 3428 Multi

184 3486 396 3529 anawhrcnrstose
434 3475 535 3524 autem
553 3474 583 3523 et
603 3475 671 3523 sunt
692 3473 722 3523 et
742 3465 867 3534 fuerunt,
888 3461 940 3537 qui
960 3480 1027 3521 earn
1047 3480 1138 3538 quam
1159 3460 1229 3524 dico

183 3537 397 3629 iimiffffl‘ssnssfflfffi
434 3559 672 3636 tranquillitatem
691 3570 861 3637 expetentes
878 3578 897 3617 a
914 3557 1038 3636 negotiis
1056 3557 1182 3636 publicis
1195 3579 1229 3622 se

135 3874 139 3883 .
231 3817 259 3851 21
278 3800 379 3850 vitanda
388 3816 443 3850 cum
454 3801 502 3850 duo
510 3800 576 3850 codd.
588 3801 630 3850 Ba
644 3801 687 3850 Lu
721 3803 731 3857 ll
767 3813 799 3862 30
814 3799 941 3865 voluptate
956 3799 1033 3851 animi
1048 3801 1113 3852 codd
1125 3809 1229 3870 praeter

182 3897 270 3944 artum,
283 3882 411 3948 voluptate
421 3882 498 3932 nimia
511 3883 560 3934 Or:
574 3883 629 3933 velie
639 3889 688 3934 not.
702 3882 738 3932 ad
745 3883 762 3934 l.
