2670 4296
192 240 227 316 '52
439 239 488 296 De
506 237 596 295 altera
609 240 698 312 parte
718 235 821 294 Decorr'
838 252 911 310 quae
927 234 971 292 ad
1064 227 1092 312 [Ι
1106 246 1159 290 xm
1178 249 1231 303 144

189 411 266 481 quae
285 401 433 480 pertinent
452 403 491 462 ad
510 401 719 462 verecundiam
740 410 770 460 et
790 400 830 459 ad
854 417 955 459 eorum
976 399 1230 475 approbationem,

190 501 367 580 quibuscum
379 499 513 573 vivimus,
528 519 609 558 nunc
623 498 751 558 dicenda
763 508 839 558 sunt.
886 517 950 571 144.
993 497 1074 556 Talis
1088 508 1133 556 est
1147 495 1234 573 igitur

216 610 404 652 praesentamus
441 598 515 656 ordo
528 595 680 655 actionum
693 594 889 666 adhibendus,
902 604 943 665 ut,
954 613 1043 670 quem
1056 594 1095 653 ad
1109 594 1233 652 modurn

190 660 402 752 {ided‘llhlllll
440 694 471 753 in
486 694 618 754 oratione
632 691 789 765 constanti,
807 690 893 752 sicin
906 691 966 752 vita
980 690 1080 751 omnia
1094 690 1152 751 sint
1165 702 1235 768 apta

191 762 237 803 Our
245 762 403 802 liseshouldbe
442 790 448 802 .
760 788 766 800 .
821 788 827 799 .
1028 787 1034 799 .

190 811 404 854 asconsrstentnru
440 802 517 851 inter
538 810 570 851 se
591 801 621 850 et
642 799 865 861 convenientia,
886 799 971 865 turpe
987 806 1067 847 emm
1087 788 1233 864 valdeque
1262 804 1275 852 5

190 861 404 912 severalpanaasis
461 887 491 900 ··
594 886 601 899 ι
885 885 920 898 ·.
984 885 990 897 .
1180 887 1185 898 .

190 925 204 953 a
221 912 326 953 discourse
343 912 402 953 exn.
440 899 579 948 vitiosum
593 907 624 946 m
637 906 669 947 re
687 905 787 946 severa
805 905 942 946 convivio
961 887 1051 962 digna
1064 898 1115 947 aut
1129 889 1235 947 delica-

191 962 404 1063 ffilffosssffiffiffig
441 993 504 1043 tum
518 983 646 1058 aliquem
660 980 764 1040 inferre
782 1000 956 1040 sermonem.
999 983 1081 1040 Bene
1099 981 1233 1049 Pericles,

217 1118 405 1169 Pmprietyosffis.
443 1099 511 1138 cum
532 1078 652 1138 haberet
674 1077 819 1154 collegam
840 1075 872 1134 in
895 1086 1031 1152 praetura
1055 1077 1233 1152 Sophoclem

191 1168 403 1261 ffgssniffissssl‘ssffss'ssj
441 1176 521 1254 iique
542 1176 580 1235 de
600 1173 753 1234 communi
771 1172 870 1233 officio
887 1173 1094 1233 convenissent
1115 1184 1143 1233 et
1164 1192 1233 1232 casu

192 1279 329 1311 mm·
443 1273 589 1330 formosus
602 1288 676 1346 puer
695 1267 865 1345 praeteriret
879 1267 1058 1344 dixissetque
1073 1269 1234 1344 Sophocles
1248 1287 1278 1321 ιο

194 1368 238 1428 ‘0
266 1385 391 1443 puerum
418 1364 582 1440 pulchmm,
613 1361 725 1422 Pericle
738 1363 757 1421 l'
799 1363 851 1420 ‘At
879 1361 959 1421 enim
985 1371 1159 1438 praetorem,
1185 1363 1236 1421 So·

191 1462 308 1538 phocle,
327 1463 415 1522 decet
434 1478 496 1519 non
517 1460 613 1518 solum
634 1476 740 1517 manus
759 1457 812 1517 sed
830 1456 919 1517 etiam
936 1459 1038 1516 oculos
1053 1456 1235 1517 abstinentes

192 1557 318 1618 habere!
359 1560 460 1632 Atque
487 1555 545 1615 hoc
572 1554 651 1614 idem
680 1555 843 1633 Sophocles
871 1552 896 1612 si
920 1553 951 1611 in
976 1554 1151 1612 athletarum
1170 1574 1235 1630 pro

191 1654 311 1714 batione
331 1653 462 1724 dixisset,
477 1652 554 1711 iusta
569 1650 796 1726 reprehensione
817 1650 965 1709 caruisset.
1008 1652 1106 1710 Tanta
1125 1651 1169 1710 vis
1190 1661 1235 1710 est

192 1760 222 1810 et
249 1739 314 1810 loci
335 1761 365 1810 et
393 1747 541 1825 temporis.
584 1749 628 1808 Ut
655 1746 680 1806 si
707 1746 766 1822 qui,
795 1765 864 1805 cum
891 1766 1011 1806 causam
1043 1747 1080 1806 sit
1107 1758 1276 1820 acturus,15

192 1845 223 1904 in
244 1845 347 1907 itinere
371 1856 422 1914 aut
445 1845 477 1903 in
505 1842 705 1904 ambulatione
730 1861 831 1902 secum
858 1842 921 1919 ipse
948 1842 1107 1903 meditetur
1133 1854 1183 1903 aut
1210 1842 1235 1902 si

193 1941 266 2018 quid
287 1942 367 2001 aliud
387 1940 527 2000 attentius
547 1939 664 2016 cogitet,
686 1958 747 1998 non
767 1940 1005 2016 reprehendatur,
1027 1949 1057 1998 at
1076 1940 1134 1998 hoc
1154 1938 1235 1999 idem

194 2037 218 2096 si
242 2038 273 2097 in
297 2036 434 2097 convivio
460 2035 555 2109 saciat,
582 2035 760 2094 inhumanus
786 2035 920 2096 videatur
946 2034 1062 2095 inscitia
1084 2034 1233 2112 temporiS.

196 2151 261 2211 145.
301 2135 361 2194 Sed
375 2151 501 2208 eaquae
515 2134 642 2192 multum
656 2133 693 2192 ab
711 2131 893 2192 humanitate
907 2132 1083 2207 discrepant,
1099 2144 1131 2192 ut
1146 2132 1170 2193 si
1184 2133 1234 2208 qui

193 2230 223 2289 in
251 2231 315 2290 soro
339 2240 438 2288 cantet
461 2239 512 2287 aut
539 2227 564 2287 si
588 2247 647 2304 qua
671 2238 715 2288 est
738 2227 795 2287 alia
816 2248 924 2305 magna
946 2228 1127 2306 perversitas,
1149 2231 1233 2291 facile
1246 2247 1278 2284 20

193 2337 312 2403 apparet
346 2343 402 2384 nec
437 2344 544 2401 magno
568 2343 658 2401 opere
685 2323 919 2385 admonitionem
946 2336 976 2385 et
1002 2336 1158 2403 praecepta
1185 2327 1235 2388 de·

218 2455 405 2497 L„„„„,h„d,d
442 2420 568 2480 siderat:
618 2439 694 2496 quae
716 2431 815 2479 autem
835 2440 924 2496 parva
944 2421 1079 2480 videntur
1099 2441 1164 2482 esse
1185 2424 1234 2484 de-

193 2505 295 2547 b¹⁶²⁰h⁶⁵
303 2506 403 2546 ⁰f1'000'
442 2516 511 2576 licta
531 2533 628 2591 neque
654 2535 672 2574 a
695 2515 795 2575 multis
818 2516 949 2594 intellegi
973 2532 1103 2595 possunt,
1126 2522 1165 2580 ab
1197 2521 1232 2582 iis

192 2570 238 2596 rum
260 2565 314 2597 most
335 2566 356 2596 to
377 2556 404 2596 be

192 2606 287 2657 turd‘d
315 2606 405 2656 ΨΜ
443 2624 488 2672 est
509 2611 676 2688 diligentius
695 2612 911 2674 declinandum.
954 2616 998 2674 Ut
1015 2614 1046 2673 in
1060 2616 1168 2676 fidibus
1182 2628 1232 2677 aut

312 2656 317 2666 '
352 2655 371 2695 fr

191 2657 405 2758 mllllsslllull}
444 2707 531 2780 tibiis,
554 2707 687 2784 quamvis
707 2711 827 2785 paulum
848 2709 1024 2788 discrepent,
1045 2722 1146 2771 tamen
1166 2712 1199 2772 id
1215 2731 1274 2780 aas

192 2805 304 2869 sciente
327 2803 522 2865 animadverti
543 2805 626 2877 solet,
648 2803 691 2863 sic
715 2803 875 2865 videndum
900 2818 945 2867 est
968 2807 1000 2866 in
1019 2806 1079 2868 vita
1100 2827 1138 2869 ne
1157 2810 1232 2870 forte

192 2901 264 2977 quid
286 2899 440 2977 discrepet,
461 2901 508 2960 vel
536 2902 630 2960 multo
651 2899 741 2960 etiam
762 2901 862 2978 magis,
884 2921 945 2978 quo
965 2902 1059 2963 maior
1079 2915 1108 2964 et
1128 2904 1232 2965 melior

116 3011 178 3060 XLI
192 2996 343 3057 actionum
362 3016 452 3073 quam
473 3014 614 3056 sonorum
635 3007 798 3057 concentus
818 3008 870 3056 est
916 3001 980 3071 146.
1011 3002 1125 3077 Itaque,
1146 3012 1181 3060 ut
1199 3001 1231 3060 in

191 3094 299 3153 fidibus
317 3091 496 3153 musicomm
514 3111 599 3152 aures
617 3093 664 3152 vel
682 3092 805 3152 minima
823 3093 961 3168 sentiunt,
977 3094 1019 3154 sic
1033 3117 1096 3171 nos,
1112 3097 1137 3157 si
1150 3118 1231 3158 acres

190 3208 227 3250 ac
247 3188 402 3266 diligentes
427 3207 492 3249 esse
515 3190 652 3250 volumus
675 3188 925 3250 animadversores
948 3190 1095 3266 vitiorum,
1123 3213 1231 3271 magna
1244 3217 1276 3263 30

190 3302 281 3360 saepe
307 3283 512 3361 intellegemus
540 3303 576 3344 ex
597 3283 703 3361 parvis.
746 3289 791 3345 Ex
814 3287 967 3347 oculorum
990 3299 1105 3365 optutu,
1130 3306 1231 3365 super·

190 3376 321 3440 ciliorum
338 3391 389 3440 aut
406 3377 578 3440 remissione
591 3392 642 3439 aut
655 3379 864 3455 contractione,
882 3401 919 3442 ex
932 3381 1079 3444 maestitia
1094 3402 1132 3443 ex
1154 3382 1227 3443 hila·

190 3473 275 3536 ritate
292 3494 329 3534 ex
347 3472 414 3549 risu,
432 3491 469 3533 ex
485 3472 635 3535 locutione
654 3493 690 3534 ex
707 3473 867 3549 reticentia,
884 3495 922 3535 ex
940 3476 1133 3538 contentione
1149 3475 1231 3538 vocis

191 3591 227 3632 ex
247 3569 452 3646 submissione,
474 3590 512 3630 ex
531 3570 635 3631 ceteris
655 3569 797 3632 similibus
820 3570 906 3632 facile
929 3571 1133 3646 iudicabimus,
1158 3573 1242 3646 quid·

236 3717 264 3764 13
281 3701 344 3751 mle
357 3700 426 3765 atqui
436 3701 516 3749 Heine
525 3706 608 3749 contra
618 3699 683 3750 codd.
722 3703 732 3758 ΙΙ
768 3715 796 3749 ar
810 3700 1068 3764 apparet-desiderat
1078 3702 1160 3751 Heine
1168 3717 1224 3750 cum

184 3779 257 3838 codd,
271 3778 343 3840 vulgo
353 3777 652 3841 apparent-desiderant.
690 3780 700 3834 ΙΙ
737 3792 769 3840 30
784 3777 1041 3843 animadversoresque
1057 3779 1132 3840 codd..
1147 3778 1225 3828 anim-

186 3859 327 3908 adversores
343 3859 380 3908 Or
388 3858 472 3907 Helue
481 3859 528 3917 Lu,
543 3865 692 3923 spectatores
703 3857 960 3924 animadversoresque
973 3854 1086 3909 laetalus
