2670 4296
207 209 245 268 34
507 196 558 254 De
578 197 775 272 Temperantia
794 202 821 255 ct
838 198 947 257 Decoro
1071 193 1101 277 [Ι
1115 213 1193 256 xxvr
1209 216 1245 274 91

204 371 338 437 peratum
364 381 383 422 a
409 362 479 436 filio,
507 362 645 423 facilitate
671 373 702 424 et
735 362 916 422 humanitate
949 361 1037 422 video
1071 361 1249 439 superiorem

204 455 300 516 fuisse
344 459 450 534 Itaque
468 460 541 518 alter
560 477 675 535 semper
696 477 826 536 magnus,
852 460 924 518 alter
947 477 1034 535 saepe
1056 457 1248 535 turpissimus,

204 561 237 612 ut
256 564 335 614 recte
355 553 523 631 praecipere
542 554 697 615 videantur
716 555 768 633 qui
788 566 919 625 monent,
931 567 973 627 ut,
990 567 1101 632 quanto
1122 555 1250 632 superio

204 667 250 708 res
277 647 376 723 simus,
404 661 487 711 tanto
513 671 569 711 nos
596 672 731 730 geramus
757 653 947 712 summissius.
1004 653 1160 729 Panaetius
1187 654 1250 730 qui-

205 747 274 807 dem
294 748 473 809 ‘Africanum
500 750 665 812 auditorem
691 763 722 813 et
749 753 919 813 familiarem
937 772 1033 820 ‚suum
1059 753 1187 813 solitum'
1208 753 1248 812 ait
1276 776 1290 822 5

197 849 312 923 ‘dicere,
364 859 397 909 ut
429 868 523 926 equos
554 861 673 927 propter
699 851 813 910 crebras
840 846 1045 910 contentiones
1071 849 1248 927 proeliorum

205 946 354 1006 ferocitate
381 945 536 1006 exultantis
564 946 756 1006 domitoribus
783 947 897 1006 tradere
924 947 1047 1018 soleant,
1067 956 1100 1005 ut
1126 944 1249 1005 iisfaci·

204 1043 323 1103 lioribus
350 1042 464 1120 possint
491 1042 542 1117 uti,
571 1043 613 1102 sic
639 1043 775 1104 homines
803 1043 939 1104 secundis
973 1044 1059 1103 rebus
1093 1043 1248 1103 effrenatos

206 1140 320 1216 sibique
347 1139 534 1217 praefidentis
557 1151 709 1218 tamquam
729 1141 761 1200 in
780 1160 883 1218 gyrum
905 1139 1026 1199 rationis
1046 1150 1075 1199 et
1097 1138 1246 1200 doctrinae

207 1238 276 1298 duci
303 1250 445 1314 oportere,
473 1248 506 1297 ut
532 1237 729 1314 perspicerent
755 1258 849 1298 rerum
878 1239 1070 1296 humanarum
1097 1236 1248 1296 imbecilli·
1264 1257 1296 1314 ιοΙ

206 1346 297 1395 tatem
319 1335 548 1411 varietatemque
571 1338 722 1396 fortunae!
777 1355 823 1411 91.
866 1338 966 1411 Atque
986 1335 1074 1395 etiarn
1095 1334 1126 1393 in
1146 1354 1248 1394 secun-

205 1431 331 1491 dissimis
352 1433 438 1492 rebus
458 1432 585 1492 maxime
605 1444 650 1493 est
670 1434 813 1493 utendum
834 1432 956 1492 consilio
977 1431 1138 1492 amicorum
1154 1429 1248 1507 iisque

229 1559 417 1611 1np„„„;,y„.
454 1529 548 1589 maior
574 1529 662 1589 etiam
690 1549 778 1605 quam
806 1541 874 1589 ante
901 1529 1056 1589 tribuenda
1082 1527 1245 1598 auctoritas.

203 1609 417 1701 ffififflifflssffl
454 1627 615 1702 Isdemque
629 1625 809 1702 temporibus
823 1626 988 1685 cavendum
1001 1635 1045 1684 est
1064 1643 1102 1684 ne
1122 1616 1248 1684 as'senta·

204 1710 384 1752 mmmm
455 1721 566 1782 toribus
587 1721 795 1798 patefaciamus
823 1721 899 1781 auris
926 1740 982 1781 nec
1005 1719 1116 1780 adulari
1137 1740 1192 1780 nos
1212 1719 1247 1779 si·
1263 1742 1271 1774 ι
1276 1741 1289 1788 5

205 1839 317 1893 namus,
338 1819 370 1879 in
391 1839 450 1896 quo
471 1818 531 1878 salli
551 1819 636 1879 facile
656 1831 708 1879 est.
750 1819 830 1879 Talis
849 1819 928 1880 enim
945 1838 1000 1879 nos
1018 1838 1083 1878 esse
1100 1829 1245 1895 putamus,

205 1927 236 1976 ut
263 1917 325 1977 iure
351 1918 522 1977 laudemur:
549 1935 585 1976 ex
612 1935 671 1992 quo
692 1928 850 1976 nascuntur
869 1915 1091 1977 innumerabilia
1116 1926 1246 1992 peccata,

206 2034 274 2073 cum
288 2014 423 2074 homines
443 2013 535 2073 inflati
555 2013 744 2090 opinionibus
764 2013 884 2090 turpiter
901 2013 1056 2074 irridentur
1073 2024 1104 2074 et
1124 2013 1154 2071 in
1169 2032 1247 2071 max-

234 2159 342 2200 romum
377 2158 420 2200 and
456 2109 523 2171 imis
546 2123 698 2171 versantur
725 2111 875 2171 erroribus.
919 2133 966 2189 9²·
1009 2112 1068 2172 Sed
1087 2112 1162 2170 haec
1182 2107 1246 2185 qui·

207 2209 421 2310 33¹2?ng
458 2209 527 2268 dem
555 2211 704 2269 hactenus
748 2209 828 2267 Illud
854 2219 954 2267 autem
982 2206 1025 2267 sic
1048 2217 1093 2267 est
1112 2205 1245 2266 iudican-
1260 2225 1292 2261 20

206 2310 326 2400 iiiirrind
342 2310 364 2351 in
380 2309 422 2361 rri-
458 2304 529 2363 dum
559 2302 699 2362 maximas
719 2301 780 2380 geri
799 2321 845 2362 res
861 2313 891 2362 et
909 2300 1027 2360 maximi
1047 2299 1138 2360 animi
1155 2300 1192 2359 ab
1211 2298 1247 2358 iis

299 2391 305 2401 ⁴
454 2397 508 2474 qui
524 2417 580 2458 res
607 2397 738 2474 publicas
765 2408 873 2474 regant,
903 2397 985 2472 quod
1005 2391 1247 2456 earumadmini-

205 2494 308 2575 stratio,
324 2493 463 2554 latissime
483 2505 581 2570 pateat
601 2494 641 2553 ad
660 2493 859 2570 plurimosque
879 2492 1029 2569 pertineat,
1057 2510 1121 2552 esse
1148 2501 1248 2550 autem

205 2590 304 2667 magni
332 2589 421 2649 animi
449 2599 478 2648 et
502 2584 593 2649 fuisse
620 2590 728 2648 multos
754 2588 843 2648 etiarn
864 2587 895 2646 in
915 2587 974 2646 vita
994 2587 1096 2658 otiosa,
1117 2585 1170 2662 qui
1196 2595 1248 2645 aut

206 2686 411 2763 investigarent
430 2696 481 2745 aut
501 2695 675 2745 conarentur
694 2705 801 2762 magna
821 2686 966 2761 quaedam
986 2702 1109 2759 seseque
1130 2701 1247 2741 suarum
1259 2705 1289 2754 25

170 2779 172 2784 ’
206 2802 302 2843 rerum
328 2782 435 2842 finibus
463 2781 647 2841 continerent
673 2792 724 2841 aut
748 2780 891 2841 interiecti
911 2779 986 2839 inter
1006 2779 1197 2856 philosophos
1218 2789 1248 2838 et

206 2899 257 2938 eos
284 2879 335 2955 qui
362 2899 423 2939 rem
451 2878 599 2955 publicam
625 2878 869 2951 administrarent,
898 2878 1112 2938 delectarentur
1138 2894 1168 2935 re
1195 2895 1249 2934 sua

206 2976 346 3048 familiari,
375 2995 436 3036 non
463 2995 529 3035 eam
550 2974 669 3051 quidem
691 2975 773 3035 omni
793 2975 905 3034 ratione
926 2984 1130 3051 exaggerantes
1151 2972 1248 3047 neque

206 3074 395 3132 excludentes
416 3073 453 3132 ab
474 3071 536 3130 eius
557 3091 612 3131 usu
632 3091 701 3132 suos
715 3073 872 3148 potiusque
893 3083 923 3132 et
942 3070 1043 3130 amicis
1060 3068 1248 3146 impertientes

231 3217 288 3257 How
304 3158 417 3259 anasum
456 3180 486 3228 et
506 3168 548 3228 rei
574 3169 716 3245 publicae,
739 3169 764 3228 si
791 3170 911 3245 quando
939 3189 1007 3228 usus
1035 3180 1119 3230 esset.
1163 3170 1248 3245 Quae
1260 3197 1292 3244 30

206 3266 417 3368 {lgffig‘ffl-
455 3267 582 3342 primum
616 3269 691 3328 bene
725 3279 808 3344 parta
840 3267 877 3325 sit
914 3269 996 3326 nullo
1030 3286 1128 3343 neque
1171 3265 1248 3342 turpi

454 3371 579 3435 quaestu
600 3380 696 3437 neque
715 3360 828 3432 odioso,
851 3358 960 3418 deinde
980 3371 1117 3436 augeatur
1136 3359 1249 3419 ratione

207 3449 356 3528 diligentia
379 3449 563 3529 parsimonia,
590 3467 653 3516 tum
680 3476 769 3532 quam
796 3455 936 3532 plurimis,
964 3456 1056 3515 modo
1084 3455 1187 3532 dignis,
1216 3473 1248 3514 se

254 3617 269 3665 8
285 3616 420 3666 ecfrenatos
435 3618 475 3665 Ba
490 3634 545 3666 cum
559 3619 662 3682 antr'quo
675 3620 749 3669 codr'cc
758 3620 791 3667 H
839 3623 853 3676 ,ΙΙ
912 3632 941 3680 15
959 3635 1005 3668 nec
1019 3620 1056 3668 Or
1065 3620 1095 3668 St
1107 3636 1164 3668 arm
1173 3621 1246 3682 codri,

205 3713 267 3747 neve
277 3699 318 3747 Ba
328 3699 409 3747 Heine
421 3701 462 3748 Lu
468 3702 644 3763 postll'om'um
668 3704 677 3758 ΙΙ
704 3715 732 3762 31
746 3709 831 3766 parata
842 3704 872 3749 St
880 3718 935 3749 cum
946 3702 1012 3749 codd.
1043 3706 1053 3758 l
1085 3714 1113 3762 52
1126 3703 1248 3752 deinde—

204 3777 353 3839 parsimonia
365 3785 421 3841 post
434 3780 551 3843 praebeat
564 3779 680 3844 leguntur
692 3781 720 3830 in
735 3781 808 3841 codd,
821 3781 971 3845 transposuit
983 3782 1024 3829 Ba
1035 3787 1130 3830 auctore
1142 3782 1244 3846 Ungrro,

197 3855 318 3920 probante
326 3857 407 3907 Heine
415 3858 456 3906 Lu
713 3856 717 3866 “
