2670 4296
137 196 308 280 11x1x68]
542 217 614 274 quae
632 203 714 274 opero
726 198 788 273 fiat
1141 201 1177 276 85

137 365 287 442 dignitatis
299 367 416 443 gradus,
429 365 471 424 sic
484 364 571 424 huius
585 365 725 425 scientiae
739 367 879 442 splendor
893 367 1007 426 deletus
1022 377 1074 440 est,
1090 366 1181 442 idque
1220 411 1222 415 «

137 483 174 524 eo
193 463 350 540 indignius,
367 465 450 540 quod
470 482 506 522 eo
528 474 660 540 tempore
679 464 737 522 hoc
758 462 889 539 contigit,
905 483 974 522 cum
992 462 1018 523 is
1038 473 1115 524 esset
1129 460 1181 540 qui

138 579 242 620 omnes
261 558 432 636 superiores,
454 560 562 636 quibus
580 561 693 619 honore
715 579 769 636 par
790 570 874 633 esset,
893 559 1015 621 scientia
1035 561 1120 642 facile
1141 558 1182 619 vi·

138 657 235 717 cisset.
277 659 364 715 Haec
377 657 465 732 igitur
478 675 568 733 opera
580 667 662 734 grata
675 657 774 716 multis
789 667 819 717 et
832 657 871 716 ad
887 657 1038 718 beneficiis
1053 657 1181 718 obstrin-

138 779 350 839 eleothepowerof
385 755 499 831 gendos
525 753 661 814 homines
688 755 920 813 accommodata
985 757 1031 813 66.
1080 757 1180 832 Atque
1209 753 1243 818 ε’

137 828 349 929 piiiai'eiiiiiiic‘ii
386 853 456 912 huic
466 852 520 912 arti
536 853 661 914 finitima
678 865 723 913 est
736 853 857 913 dicendi
866 851 1009 934 [gravior]
1018 855 1142 912 facultas
1150 865 1180 914 et

137 939 173 971 te
195 930 230 970 old
255 930 348 969 Romans
450 951 457 963 ·
636 950 642 962 ·
782 951 788 962 ·
867 951 873 962 ·
1060 952 1066 963 .

137 979 277 1030 ,armatha
286 979 347 1028 high.
385 963 493 1028 gratior
506 961 536 1011 et
550 963 685 1011 ornatior.
729 951 812 1025 Quid
827 970 906 1011 enim
916 952 1086 1027 eloquentia
1100 971 1180 1028 prae-

137 1040 174 1139 ξῇξ,
191 1030 244 1121 'ciffi
266 1041 347 1130 ζξὲῗζζῗ
384 1046 516 1107 stabilius
529 1049 576 1106 vel
590 1046 785 1107 admiratione
803 1047 986 1107 audientium
1003 1047 1050 1107 iel
1069 1068 1120 1124 spe
1139 1048 1181 1107 in·

138 1143 200 1171 ⁵¹⁰⁰*
386 1141 550 1219 digentium
567 1143 614 1201 vel
636 1162 746 1215 eorum,
766 1142 817 1219 qui
842 1143 955 1202 defensi
973 1154 1051 1215 sunt,
1072 1144 1181 1220 gratia?

139 1239 220 1299 Huic
234 1260 303 1317 ergo
318 1260 336 1299 a
349 1239 508 1299 maioribus
523 1240 629 1300 nostris
643 1252 687 1300 est
702 1240 732 1300 in
748 1252 816 1318 toga
830 1240 981 1318 dignitatis
999 1240 1181 1318 principatus
1195 1257 1225 1292 ¹0

138 1341 231 1398 datus.
275 1335 385 1397 Diserti
405 1336 492 1413 igitur
509 1336 638 1396 hominis
658 1348 688 1398 et
705 1337 789 1397 facile
807 1337 967 1398 laborantis
985 1341 1127 1415 quodque
1148 1337 1180 1398 in

137 1435 238 1511 patriis
251 1446 296 1495 est
309 1433 447 1506 moribus,
455 1435 615 1493 multorum
636 1450 739 1493 causas
753 1444 783 1492 et
797 1453 858 1493 non
872 1445 990 1511 gravate
1011 1445 1040 1494 et
1053 1434 1180 1510 gratuito

160 1569 348 1611 „mmm
388 1530 575 1591 defendentis
596 1530 741 1591 beneficia
762 1540 792 1591 et
811 1530 974 1606 patrocinia
994 1533 1052 1590 late
1068 1542 1178 1607 patent

137 1619 285 1662 1111111111·
387 1628 433 1699 67.
473 1626 665 1686 Admonebat
689 1646 737 1686 me
759 1646 805 1686 res
827 1637 860 1686 ut
881 1629 940 1686 hoc
966 1647 1086 1703 quoque
1113 1631 1180 1687 loco

136 1717 384 1779 intermissionem
399 1722 594 1799 eloquentiae,
609 1741 647 1781 ne
662 1722 760 1780 dicam
774 1721 931 1796 interitum,
947 1724 1139 1800 deplorarem,
1149 1723 1180 1782 ni
1195 1743 1223 1790 ¹⁵

137 1832 251 1873 vererer
279 1834 317 1875 ne
345 1818 384 1876 de
412 1838 460 1878 me
487 1819 553 1896 ipso
581 1818 692 1894 aliquid
719 1818 834 1878 viderer
860 1818 950 1895 queri.
994 1821 1053 1880 Sed
1079 1831 1180 1880 tamen

137 1905 284 1979 videmus,
313 1907 421 1982 quibus
448 1911 583 1972 extinctis
611 1909 775 1970 oratoribus
800 1930 889 1986 quam
916 1911 948 1971 in
975 1912 1076 1990 paucis
1104 1932 1179 1991 spes,

162 2017 230 2057 Other
251 2016 348 2057 methods
387 2020 499 2084 quanto
516 2009 547 2068 in
568 2008 755 2084 paucioribus
773 2010 904 2082 facultas,
925 2029 1015 2086 quam
1033 2011 1064 2069 in
1081 2011 1181 2070 multis

136 2067 348 2158 iiniiffliviiiwiteis
386 2105 423 2165 sit
436 2104 567 2164 audacia
612 2106 688 2164 Cum
704 2115 803 2164 autem
817 2123 922 2164 omnes
935 2124 997 2165 non
1010 2105 1133 2181 possint,
1143 2125 1181 2165 ne

137 2167 215 2258 iitthe
235 2180 306 2219 W
326 2166 350 2208 οἱ
388 2201 473 2260 multi
490 2201 620 2277 quidem,
640 2212 691 2259 aut
711 2200 781 2259 iuris
801 2201 887 2277 periti
909 2221 974 2262 esse
995 2213 1046 2261 aut
1070 2202 1178 2273 diserti,
1195 2223 1225 2257 το

141 2299 209 2357 licet
219 2309 318 2357 tamen
332 2315 422 2373 opera
434 2296 574 2374 prodesse
587 2295 696 2368 multis,
706 2295 850 2355 beneficia
862 2307 1022 2373 petentem,
1033 2316 1182 2356 commen-

141 2394 262 2453 dantem
276 2393 432 2466 iudicibus,
448 2376 672 2468 magistratibus,
688 2390 856 2467 vigilantem
870 2411 923 2466 pro
942 2411 973 2451 re
987 2392 1113 2463 alterius,
1129 2413 1181 2452 eos

140 2489 226 2566 ipsos,
240 2490 291 2566 qui
311 2501 362 2549 aut
379 2490 573 2549 consuluntur
593 2499 644 2549 aut
660 2490 831 2563 defendunt,
842 2501 1008 2566 rogantem:
1030 2492 1111 2566 quod
1130 2492 1181 2568 qui

356 2639 358 2644 .
390 2587 509 2658 faciunt,
529 2585 688 2663 plurimum
709 2586 818 2663 gratiae
840 2600 1060 2665 consequuntur
1080 2591 1182 2651 latissi-

164 2678 206 2718 W‘
226 2686 282 2718 “¹⁰⁵⁸
301 2676 350 2717 “¹¹“
389 2703 497 2761 meque
511 2703 613 2744 eorum
627 2696 728 2742 manat
742 2684 892 2744 industria
936 2689 983 2744 68.
1020 2688 1086 2745 Iam
1107 2687 1180 2748 illud
1195 2707 1224 2754 ²5

139 2740 193 2775 care,
210 2727 314 2776 however,
329 2727 350 2766 in

139 2777 351 2838 01113111111111111
388 2799 450 2840 non
469 2790 538 2839 sunt
558 2779 827 2841 admonendi-est
846 2779 926 2840 enim
944 2780 976 2840 in
992 2795 1179 2858 promptu-,

139 2827 347 2878 todrsobligeothers.

386 2888 420 2936 ut
433 2875 564 2936 animum
577 2876 739 2948 advertant,
750 2896 823 2936 cum
836 2875 934 2936 iuvare
942 2877 1016 2937 alios
1028 2878 1128 2950 velint,
1143 2898 1182 2938 ne

140 2996 216 3052 quos
229 2976 390 3036 offendant.
422 2977 515 3051 Saepe
530 2973 609 3034 enim
623 2984 673 3033 aut
687 2993 739 3034 eos
752 2975 882 3048 laedunt,
898 2979 973 3051 quos
987 2993 1047 3034 non
1063 2976 1181 3048 debent,

139 3085 190 3133 aut
204 3093 264 3146 eos,
277 3092 351 3149 quos
372 3091 433 3131 non
453 3071 587 3147 expedit:
609 3070 634 3129 si
654 3069 853 3147 inprudentes,
869 3072 1072 3149 neglegentiae
1092 3085 1144 3146 est,
1156 3073 1181 3134 si

140 3170 273 3240 scientes,
285 3166 464 3228 temeritatis
508 3167 664 3225 Utendum
678 3164 767 3225 etiam
781 3177 826 3226 est
839 3167 1028 3228 excusatione
1041 3169 1181 3230 adversus
1194 3193 1225 3244 30

139 3284 200 3339 eos,
217 3285 292 3342 quos
312 3263 421 3324 invitus
442 3263 583 3335 offendas,
603 3281 790 3338 quacumque
804 3263 908 3339 possis,
923 3283 983 3340 qua
995 3283 1026 3324 re
1040 3264 1080 3339 id,
1099 3267 1181 3343 quod

139 3361 248 3435 seceris,
260 3368 381 3420 necesse
391 3358 478 3418 fuerit
492 3378 547 3418 nec
561 3358 644 3417 aliter
653 3359 747 3418 iacere
758 3358 896 3435 potueris,
907 3359 1070 3437 ceterisque
1084 3361 1181 3438 operis

138 3469 167 3517 et
182 3456 284 3518 officiis
299 3455 352 3516 erit
362 3455 403 3528 id,
418 3455 500 3532 quod
513 3453 655 3516 violatum
669 3452 824 3528 videbitur,
836 3456 1099 3531 compensandum.

186 3612 202 3663 6
229 3615 328 3664 dicendi
357 3613 461 3664 facultas
482 3622 507 3663 et
523 3614 621 3678 gravior
643 3622 667 3663 et
690 3613 799 3662 ornatior
819 3615 849 3676 Z,
876 3615 974 3678 gravior
990 3614 1064 3675 codd,
1080 3616 1181 3680 primus

93 3712 96 3718 ·
136 3696 232 3745 seclusit
242 3695 379 3744 Lambinus
424 3697 434 3751 ΙΙ
483 3708 512 3742 ιο
536 3693 787 3758 huicquoquecodd,
800 3709 846 3743 om.
871 3694 899 3742 F
907 3694 945 3743 Or
959 3695 984 3743 Z
996 3694 1078 3743 Heine
1091 3695 1133 3743 Lu
1167 3699 1178 3753 ΙΙ

139 3791 170 3839 33
186 3777 304 3824 violatum
324 3776 447 3825 videbitur
462 3775 505 3825 Ba
521 3776 602 3824 Heim
615 3776 656 3824 Lu
671 3777 702 3824 St
714 3790 770 3824 rum
785 3775 882 3839 optimis
897 3775 971 3836 codd,
989 3775 1018 3824 in
1035 3776 1120 3826 cctmk
1135 3783 1182 3825 aut

137 3859 261 3908 omittitur
271 3858 370 3908 verbum
381 3865 427 3930 aut
438 3866 474 3908 est
485 3858 577 3923 legitur
669 3921 671 3930 Ι

1109 3970 1181 3983 .ss
