2670 4296
216 220 253 293 98
404 207 411 221 ’
487 216 664 276 Prooemium
685 217 719 274 de
736 216 788 274 otii
805 217 855 272 sui
872 215 982 273 rotrone
1134 210 1257 293 [III13

215 384 381 461 possimus?
423 403 449 459 3.
473 385 520 444 Ita
541 383 593 460 qui
614 383 645 442 in
665 382 793 442 maxima
814 382 981 443 celebritate
1002 394 1090 460 atque
1111 383 1142 442 in
1163 382 1257 444 oculis

215 479 323 539 civium
341 480 494 557 quondam
511 478 680 551 vixerimus,
694 498 773 537 nunc
791 478 936 555 fugientes
956 490 1150 557 conspectum
1167 481 1258 540 scele-

215 586 353 648 ratorum,
368 575 476 653 quibus
494 575 596 636 omnia
614 577 788 648 redundant,
805 575 941 635 abdimus
956 594 1021 643 nos,
1029 587 1173 652 quantum
1187 575 1264 648 licet,

216 683 246 732 et
269 691 357 749 saepe
379 672 435 732 soli
456 690 564 732 sumus.
607 672 667 733 Sed
691 671 761 748 quia
784 671 827 730 sic
850 672 889 731 ab
909 670 1079 731 hominibus
1099 672 1195 731 doctis
1212 691 1258 731 ac-

215 767 357 844 cepimus,
382 787 443 828 non
467 769 564 842 solum
589 788 624 828 ex
648 766 733 825 malis
757 766 863 843 eligere
890 766 1012 826 minima
1036 779 1179 844 oportere,
1204 767 1258 826 sed
1286 787 1300 835 5

215 865 305 926 etiam
333 884 487 941 excerpere
511 884 548 924 ex
567 863 613 923 his
633 863 713 940 ipsis,
735 861 760 921 si
780 862 852 938 quid
873 863 982 923 inesset
1001 863 1082 936 boni,
1104 875 1258 940 propterea

216 974 245 1022 et
266 961 327 1022 otio
348 963 434 1034 fruor,
450 981 511 1022 non
532 961 584 1021 illo
605 960 736 1037 quidem,
757 979 818 1035 quo
840 960 967 1020 debebat
987 960 1084 1037 isqui
1105 961 1258 1036 quondam

216 1057 375 1134 peperisset
389 1055 482 1117 otium
496 1055 614 1128 civitati,
636 1074 692 1115 nec
706 1073 773 1114 eam
787 1053 978 1114 solitudinem
996 1056 1133 1132 languere
1150 1056 1255 1132 patior,

216 1174 307 1231 quam
330 1153 403 1213 mihi
425 1155 521 1214 adfert
543 1153 711 1226 necessitas,
737 1173 798 1212 non
821 1155 966 1213 voluntas.
1008 1173 1035 1227 4.
1068 1156 1257 1231 Quamquam

216 1251 371 1311 Africanus
390 1250 532 1311 maiorem
550 1253 671 1311 laudem
690 1268 758 1310 meo
777 1249 888 1310 iudicio
906 1251 1124 1326 assequebatur.
1167 1254 1258 1312 Nulla
1273 1277 1303 1311 10

216 1348 296 1410 enim
320 1349 383 1410 eius
403 1349 512 1426 ingenii
533 1359 727 1408 monumenta
748 1349 888 1408 mandata
907 1348 1018 1422 litteris,
1040 1351 1154 1408 nullum
1183 1371 1258 1427 opus

216 1448 277 1520 otii,
299 1448 414 1506 nullum
435 1445 602 1506 solitudinis
623 1465 731 1504 munus
752 1457 847 1505 extat:
877 1465 915 1505 ex
935 1465 996 1522 quo
1017 1446 1146 1524 intellegi
1167 1449 1257 1510 debet

215 1542 299 1602 illum
319 1541 426 1602 mentis
446 1541 605 1619 agitatione
625 1539 909 1617 investigationeque
930 1560 1030 1600 earum
1053 1561 1158 1616 rerum,
1184 1563 1258 1620 quas

216 1639 375 1717 cogitando
402 1639 648 1715 consequebatur,
673 1658 730 1699 nec
757 1638 887 1698 otiosum
910 1658 967 1698 nec
1001 1642 1098 1699 solum
1125 1662 1257 1719 unquam

215 1737 312 1797 fuisse.
346 1737 411 1796 Nos
430 1746 539 1808 autem,
556 1735 683 1812 quinon
699 1747 815 1795 tantum
833 1735 946 1796 roboris
963 1737 1114 1811 habemus,
1133 1750 1167 1799 ut
1181 1737 1256 1816 cogi·
1273 1757 1301 1806 15

215 1833 325 1893 tatione
353 1832 442 1892 tacita
468 1852 487 1892 a
513 1832 673 1893 solitudine
700 1833 911 1905 abstrahamur,
939 1833 979 1892 ad
1006 1834 1082 1894 hanc
1110 1836 1257 1896 scribendi

215 1924 335 2007 operam
354 1948 444 1989 omne
462 1928 595 1988 studium
616 1948 777 2005 curamque
798 1927 1003 1988 convertimus
1048 1932 1153 2007 Itaque
1174 1933 1258 2008 plura

214 2027 295 2089 brevi
322 2039 454 2104 tempore
480 2045 582 2086 eversa
608 2045 698 2102 quam
726 2024 825 2085 multis
853 2025 938 2085 annis
960 2036 1055 2087 stante
1082 2046 1113 2088 re
1138 2028 1258 2105 publica

215 2125 391 2203 scripsimus.

176 2246 203 2294 11
240 2244 288 2285 The
305 2244 392 2295 subject
406 2246 431 2288 or
527 2237 552 2296 5.
590 2221 649 2280 Sed
671 2240 740 2279 cum
762 2231 825 2281 tota
851 2221 1048 2299 philosophia,
1071 2223 1113 2282 mi
1141 2224 1255 2299 Cicero,
1271 2248 1302 2284 20

216 2295 430 2397 333²⁸m¹2⁰fffi⁸pss¹ss
467 2315 603 2392 frugifera
616 2328 645 2375 et
660 2318 809 2376 fructuosa
826 2337 882 2378 nec
899 2319 959 2377 ulla
979 2339 1046 2395 pars
1065 2321 1127 2380 eius
1146 2321 1257 2383 inculta

214 2396 239 2484 ἓξ
247 2395 427 2498 ,ζιέξξῗζᾟξζ
464 2432 500 2471 ac
514 2400 629 2472 deserta
642 2413 687 2486 sit,
698 2425 761 2473 tum
775 2417 872 2474 nullus
886 2415 1009 2476 feracior
1022 2417 1052 2475 in
1066 2438 1102 2478 ea
1116 2420 1198 2479 locus
1212 2431 1257 2480 est

214 2494 281 2585 {³52ssss
290 2494 427 2588 {²2¹2}ng
464 2526 521 2568 nec
533 2509 651 2569 uberior
661 2530 751 2586 quarn
765 2513 803 2571 de
818 2512 930 2584 officiis,
942 2532 961 2571 a
971 2512 1078 2589 quibus
1088 2525 1257 2576 constanter

215 2593 426 2695 iligniiiriiuii
463 2605 648 2681 honesteque
669 2606 788 2666 vivendi
812 2619 969 2684 praecepta
990 2609 1145 2671 ducuntur.
1189 2613 1257 2687 Qua

214 2695 325 2786 ἓξξξῗὸὥ
341 2697 428 2796 yffi
465 2719 496 2760 re
510 2720 690 2778 quamquam
704 2722 722 2761 a
736 2704 878 2781 Cratippo
892 2716 1002 2777 nostm,
1018 2707 1150 2784 principe
1169 2709 1256 2770 huius
1270 2729 1301 2778 ²5

215 2793 427 2888 &gengnffiffi
465 2796 624 2857 memoriae
639 2798 891 2875 philosophorum,
901 2801 975 2860 haec
984 2811 1014 2861 te
1027 2803 1145 2864 assidue
1155 2805 1257 2866 audire

215 2906 301 2936 vissus.
464 2905 552 2969 atque
561 2895 694 2971 accipere
705 2897 832 2970 confid0,
844 2909 944 2956 tamen
958 2900 1124 2960 conducere
1135 2901 1258 2962 arbitror

214 2989 320 3050 talibus
340 3009 423 3052 aures
444 3003 509 3053 tuas
529 2993 652 3053 vocibus
673 2994 806 3070 undique
827 2993 1043 3055 circumsonare
1073 3015 1209 3069 neceas,
1231 2999 1256 3058 si

213 3084 274 3144 fieri
287 3086 389 3162 possit,
404 3086 564 3164 quicquam
578 3088 658 3149 aliud
672 3090 782 3150 audire.
825 3093 853 3149 6.
876 3090 968 3164 Quod
981 3110 1050 3149 cum
1059 3092 1197 3152 omnibus
1211 3104 1256 3153 est

213 3181 390 3254 laciendum,
406 3184 458 3260 qui
471 3184 561 3244 vitam
576 3187 732 3246 honestam
746 3185 859 3263 ingredi
873 3185 1011 3263 cogitant,
1021 3197 1085 3247 tum
1099 3189 1180 3248 haud
1194 3189 1255 3250 scio
1269 3211 1302 3260 30

213 3298 250 3336 an
280 3279 392 3338 nemini
419 3280 519 3356 potius
547 3301 639 3357 quam
667 3283 727 3342 tibi
779 3281 910 3342 Sustines
938 3281 1018 3342 enim
1046 3303 1107 3343 non
1134 3304 1255 3360 parvam

213 3373 448 3448 expectationem
470 3374 632 3436 imitandae
659 3376 820 3437 industriae
848 3389 974 3450 nostrae,
998 3398 1136 3456 magnam
1163 3380 1256 3441 hono

212 3486 286 3540 rum,
306 3486 367 3527 non
387 3470 497 3528 nullam
516 3471 638 3531 fortasse
656 3472 793 3532 nominis.
835 3472 995 3549 Suscepisti
1012 3493 1088 3534 onus
1104 3486 1255 3551 praeterea

212 3582 298 3640 grave
317 3573 347 3623 et
360 3565 551 3625 ‘Athenarum
572 3578 601 3626 et
623 3567 769 3643 Cratippi:
790 3568 830 3627 ad
850 3588 926 3644 quos
946 3589 1015 3628 cum
1038 3581 1190 3648 tamquam
1215 3574 1254 3633 ad

212 3670 404 3719 mercaturam
421 3661 565 3721 bonarum
582 3663 689 3723 artium
708 3663 747 3722 sis
768 3666 924 3740 profectus,
944 3665 1064 3726 inanem
1081 3668 1175 3730 redire
1197 3680 1253 3729 tur·
1268 3695 1300 3742 35

260 3796 273 3846 7
291 3786 381 3836 debeat
396 3787 427 3836 St
435 3802 489 3837 cum
500 3789 628 3854 plerasque
638 3790 703 3838 codd.
721 3798 750 3839 ut
766 3793 843 3842 nrrtlte
860 3794 980 3844 urbanius
993 3813 1021 3846 ac
1035 3799 1163 3848 nrodestius
1177 3817 1251 3865 quam

211 3867 327 3917 debebat.
