2670 4296
161 232 201 304 78
606 234 656 293 De
669 234 764 310 gloria
1031 231 1079 316 [11
1094 253 1148 296 xrv
1163 256 1202 313 49

160 395 316 460 admiratio
343 398 463 476 copiose
491 398 695 477 sapienterque
722 401 855 476 dicentis,
880 421 970 478 quem
997 402 1047 479 qui
1070 395 1200 463 audiunt

159 493 327 572 intellegere
348 496 436 556 etiam
454 507 484 556 et
502 489 604 572 sapeie
621 499 688 573 plus
706 518 794 574 quam
813 509 925 559 ceteros
944 498 1125 560 arbitrantur.
1169 497 1200 560 Si

159 609 230 651 vero
250 590 327 650 inest
348 589 379 649 in
400 591 531 652 oratione
554 591 644 653 mixta
664 594 808 671 modestia
828 593 962 671 gravitas,
984 594 1057 654 nihil
1078 594 1202 655 admira·

159 684 247 746 bilius
273 687 335 746 fieri
360 699 458 765 potest
491 708 586 764 eoque
613 691 713 768 magis,
737 691 762 750 si
788 711 824 751 ea
851 703 919 752 sunt
945 692 977 751 in
1002 693 1200 753 adulescente.

161 777 372 870 ffi‘ssfflfflffl
407 806 454 863 49.
477 789 536 848 Sed
557 807 624 849 cum
645 787 703 847 sint
722 776 806 864 plura
823 807 977 847 causarum
993 807 1107 864 genera,
1123 801 1203 864 qua'e·
1229 815 1244 862 5

160 877 283 972 {muts
294 880 370 973 ‚2¹¹¹ss
408 884 607 958 eloquentiam
631 882 806 957 desiderent,
828 883 971 960 multique
992 883 1024 942 in
1046 893 1145 942 nostra
1168 903 1201 943 re

159 981 372 1082 ffihhffleogffi
407 977 526 1053 publica
547 978 750 1039 adulescentes
774 987 804 1037 et
827 978 908 1053 apud
930 976 1042 1036 iudices
1066 986 1096 1037 et
1119 977 1200 1053 apud

159 1094 177 1122 ¹⁵
193 1094 371 1174 laidis?
408 1076 550 1152 populum
571 1085 601 1135 et
613 1076 701 1152 'apud
721 1085 856 1135 senatum
877 1061 1005 1135 dicendo
1021 1076 1139 1134 laudem
1156 1094 1199 1135 as-

158 1182 247 1233 enough„
410 1171 501 1232 secuti
528 1171 594 1245 sint,
619 1171 746 1230 maxima
773 1182 816 1231 est
841 1158 994 1259 admiratio
1018 1171 1049 1231 in
1072 1170 1198 1243 iudiciis,

158 1284 282 1343 quorum
295 1265 369 1327 ratio
383 1268 492 1345 duplex
505 1280 557 1329 est.
590 1270 670 1327 Nam
684 1287 719 1328 ex
732 1267 918 1329 accusatione
933 1279 962 1328 et
977 1287 1014 1328 ex
1028 1267 1243 1331 defensionem

45 1367 52 1384 ‘
158 1373 281 1435 constat,
309 1383 433 1440 quarum
458 1364 512 1424 etsi
539 1363 714 1424 laudabilior
740 1375 785 1424 est
813 1364 954 1437 defensio,
983 1375 1082 1424 tamen
1110 1362 1198 1424 etiam

158 1457 305 1518 accusatio
325 1461 449 1539 probata
469 1479 609 1537 persaepe
629 1472 681 1520 est.
726 1460 796 1519 Dixi
814 1462 903 1537 paulo
924 1471 992 1521 ante
1014 1462 1051 1521 de
1073 1462 1199 1521 Crasso:

158 1555 330 1615 idem'lecit
354 1557 528 1617 adulescens
554 1559 596 1616 M.
620 1557 774 1617 Antonius.
819 1557 918 1616 Etiam
942 1560 974 1616 P.
996 1556 1116 1634 Sulpicii
1140 1559 1199 1618 elo·

157 1650 308 1727 quentiam
335 1652 483 1712 accusatio
511 1653 691 1724 inlustravit,
710 1673 778 1712 cum
809 1652 982 1738 seditiosum
1008 1663 1038 1713 et
1064 1652 1197 1713 inutilem

156 1747 260 1822 civem,
289 1749 323 1809 C.
353 1749 536 1823 Norbanum,
566 1749 596 1809 in
624 1749 766 1809 iudicium
793 1749 917 1809 vocavit.
970 1766 1017 1826 50.
1034 1760 1038 1764 ’
1053 1750 1112 1812 Sed
1139 1750 1239 1828 hoc15

407 1845 527 1921 quidem
547 1857 669 1905 nonest
687 1864 774 1922 saepe
794 1845 961 1906 faciendum
980 1864 1036 1905 nec
1056 1864 1196 1922 umquam

160 1911 274 1954 ilistorical
296 1923 367 1951 exarn-
429 1942 435 1952 .
454 1941 461 1954 .
586 1942 592 1955 .
687 1943 693 1953 .
923 1943 939 1956 ..
1149 1942 1156 1955 .
1178 1942 1185 1956 .

174 1962 204 2002 les
217 1961 240 2002 ol
252 1960 366 2011 justitiable
407 1961 462 2001 lllSl
482 1953 533 2002 aut
553 1963 594 2003 rel
612 1945 748 2020 pllbllcae
764 1963 861 2015 causa,
875 1954 941 2002 utu
956 1962 1030 2020 quos
1043 1955 1112 2004 anie
1126 1944 1194 2016 dlxi,

177 2022 299 2053 mm
406 2052 456 2101 aut
474 2041 643 2113 ulciscendi,
659 2052 691 2101 ut
710 2043 769 2101 duo
784 2041 906 2114 Luculli,
921 2053 972 2101 aut
986 2041 1147 2118 patrocinii,
1162 2052 1195 2102 ut

158 2157 212 2199 nos
230 2158 284 2215 pro
302 2137 414 2211 Siculis,
429 2158 482 2215 pro
505 2137 602 2198 Sardis
623 2137 654 2197 in
675 2137 802 2197 Albucio
824 2138 924 2205 Iulius.
969 2139 1005 2197 ln
1026 2139 1195 2198 accusando

156 2234 246 2297 etiam
262 2235 312 2294 Μ’.
328 2234 449 2312 Aquilio
464 2237 496 2293 L.
514 2234 589 2293 Fufii
608 2234 726 2311 cognita
743 2233 886 2294 industria
904 2245 956 2294 est.
998 2236 1094 2296 Semel
1108 2233 1194 2311 igitur
1206 2260 1237 2296 ro

156 2343 206 2392 aut
228 2351 288 2391 non
310 2350 398 2408 saepe
421 2341 518 2390 certe:
543 2329 588 2389 sin
610 2330 663 2390 erit
685 2330 733 2390 cui
755 2329 923 2390 faciendum
947 2330 984 2390 sit
1004 2330 1129 2406 saepius,
1151 2329 1193 2391 rei

156 2429 291 2506 publicae
315 2428 422 2488 tribuat
446 2429 504 2487 hoc
527 2427 664 2499 muneris,
688 2427 771 2487 cuius
793 2427 928 2486 inimicos
952 2427 1053 2487 ulcisci
1077 2425 1195 2504 saepius

156 2546 216 2586 non
242 2537 288 2585 est
313 2510 602 2600 reprehendendum:
625 2525 729 2583 modus
756 2533 856 2583 tamen
883 2522 966 2584 adsit
1012 2522 1085 2582 Duri
1112 2522 1192 2584 enim

155 2621 282 2683 hominis
303 2622 350 2681 vel
373 2620 472 2696 potius
493 2620 541 2679 vix
560 2619 688 2680 hominis
708 2620 823 2679 videtur
842 2620 1005 2697 periculum
1026 2619 1128 2696 capitis
1149 2620 1192 2680 in·

155 2721 227 2779 serre
251 2715 357 2776 multis.
401 2717 439 2775 Id
462 2735 529 2775 cum
554 2716 750 2792 periculosum
774 2714 829 2791 ipsi
857 2726 909 2788 est,
934 2725 999 2774 tum
1022 2715 1111 2774 etiam
1135 2733 1234 2790 sor-25

155 2815 259 2875 didum
280 2815 319 2872 ad
340 2814 448 2872 samam
475 2810 658 2871 committere
682 2821 714 2870 ut
738 2821 891 2870 accusator
914 2811 1064 2871 nominere
1074 2833 1083 2885 3
1110 2814 1191 2888 quod

154 2910 277 2988 contigit
299 2911 341 2968 M.
364 2912 464 2983 Bruto,
487 2928 602 2968 summo
625 2926 732 2985 genere
755 2919 835 2980 nato,
857 2908 933 2968 illius
957 2909 1027 2981 filio,
1050 2908 1099 2984 qui
1122 2909 1191 2969 iuris

153 3007 244 3068 civilis
266 3005 398 3083 inprimis
416 3004 525 3082 peritus
538 3004 599 3064 suit.
643 3022 688 3082 51.
711 3007 811 3081 Atque
826 3006 912 3064 etiam
926 3006 985 3064 hoc
1001 3014 1189 3081 praeceptum

152 3103 239 3164 officii
261 3102 413 3179 diligenter
429 3101 590 3161 tenendum
611 3111 663 3173 est,
679 3119 717 3158 ne
738 3119 826 3176 quem
844 3120 985 3177 umquam
1002 3099 1190 3160 innocentem

152 3197 262 3258 iudicio
283 3197 386 3274 capitis
406 3216 535 3256 arcessas
544 3218 553 3271 ;
576 3197 606 3256 id
622 3196 698 3256 enim
714 3195 778 3256 sine
795 3199 904 3256 scelere
921 3195 982 3256 fieri
999 3197 1080 3254 nullo
1100 3207 1189 3271 pacto
1202 3218 1233 3267 30

151 3304 261 3371 potest.
305 3296 384 3353 Nam
407 3293 480 3369 quid
507 3303 552 3353 est
572 3304 633 3353 tam
654 3293 850 3352 inhumanum
874 3312 963 3370 quam
990 3292 1189 3369 eloquentiam

151 3409 171 3450 a
191 3401 294 3449 natura
317 3390 357 3449 ad
378 3391 503 3450 salutem
524 3389 679 3449 hominum
703 3399 732 3449 et
756 3390 794 3449 ad
818 3388 1069 3449 conservationem
1090 3389 1189 3448 datam

151 3487 190 3547 ad
214 3486 360 3546 bonorum
382 3497 497 3562 pestem
518 3485 737 3564 perniciemque
759 3489 951 3547 convertere?
991 3487 1057 3544 Nec
1080 3495 1188 3558 tamen,

152 3580 361 3681 dcessffnigssffiltffi
399 3595 432 3645 ut
454 3585 512 3644 hoc
534 3584 706 3664 lugiendum
727 3594 779 3656 est,
802 3582 872 3643 item
893 3593 938 3642 est
957 3582 1127 3643 habendum
1147 3601 1190 3642 re·

200 3815 213 3862 3
230 3798 365 3848 modestiae
378 3797 462 3847 0ch
471 3813 526 3846 cum
537 3797 631 3862 aliquot
640 3798 705 3846 codd.
741 3801 751 3856 l
788 3810 801 3862 7
818 3806 843 3849 et
854 3798 920 3863 apud
935 3798 1053 3864 populum
1070 3801 1190 3851 omittunt

151 3882 214 3931 codd.
224 3887 323 3945 praeter
331 3881 407 3930 Bern.
421 3896 441 3929 c.
