2670 4296
179 232 224 300 “92
565 222 615 280 De
625 232 666 278 'ea
683 219 854 297 berreficenttb
1034 220 1082 303 [II
1095 227 1224 301 xx1v85

176 385 289 448 :melius
312 404 369 445 nec
392 384 504 445 facilius
526 385 702 446 dissolutum
722 398 778 447 est:
807 388 962 449 fraudandi
982 389 1063 450 enim
1086 410 1138 467 spe
1160 392 1226 450 sub

435 483 494 542 lata
506 482 640 543 solvendi
660 484 820 545 necessitas
834 498 993 545 consecuta
1006 497 1057 546 est
1099 488 1141 545 At
1154 506 1225 546 vero

186 560 408 656 Qfflm'mffiu'
437 580 486 639 hic
506 599 586 639 nunc
606 581 707 654 victor,
723 593 785 641 tum
807 582 929 658 quidem
942 583 1044 655 victus,
1060 602 1135 659 quae
1149 582 1227 659 cogi-

436 688 518 749 tarat,
532 696 595 735 cum
615 679 707 752 psius
727 679 868 750 antererat,
884 686 944 736 tum
958 697 995 738 ea
1009 678 1138 755 perfecit,
1154 697 1224 737 cum

133 796 139 834 1
185 777 248 838 eius
268 775 327 836 iam
347 775 419 836 nihil
440 775 600 835 interesset.
642 776 741 834 Tanta
754 774 785 833 in
799 793 836 834 eo
849 775 994 851 peccandi
1008 775 1100 836 libido
1114 775 1177 848 fuit,
1193 788 1225 836 ut
1255 795 1269 845 ⁵

184 876 243 935 hoc
256 873 352 950 ipsum
365 892 434 934 eum
448 872 607 932 delectaret
620 890 752 947 peccare,
767 869 857 930 etiam
871 870 896 930 si
910 891 999 930 causa
1012 891 1073 930 non
1088 883 1172 932 esset.

296 959 313 1044 ſs
495 969 541 1043 85.
573 966 621 1025 Ab
635 967 694 1024 hoc
708 965 794 1043 igitur
807 985 915 1044 genere
929 965 1147 1042 largitionisut
1161 965 1224 1025 aliis

184 1034 256 1135 gooTcie
268 1032 396 1134 drilgllbl
433 1068 526 1139 detur,
546 1064 610 1124 aliis
624 1067 779 1138 auferatur,
794 1067 919 1125 aberunt
934 1064 963 1136 ii,
982 1064 1033 1140 qui
1051 1084 1114 1124 rem
1131 1064 1227 1141 publi·

184 1144 206 1175 to
219 1134 285 1176 avoid
295 1134 337 1174 this
353 1142 396 1174 sort
699 1161 705 1173 .
778 1161 784 1173 .
819 1161 825 1173 .

183 1185 208 1226 or
226 1185 330 1234 ribei-aun
353 1183 396 1224 anu
433 1183 499 1223 cam
513 1165 681 1234 tuebuntur,
697 1181 902 1239 inprimisque
921 1181 1041 1239 operam
1060 1162 1174 1222 dabunt
1192 1171 1225 1220 ut

144 1277 146 1283 '
183 1233 396 1344 {iriiiuiis‘bffpii
433 1260 501 1321 iuris
510 1270 540 1319 et
549 1258 725 1319 iudiciorum
736 1258 883 1335 aequitate
896 1278 982 1318 suum
992 1257 1117 1335 quisque
1125 1270 1224 1319 teneat
1242 1284 1271 1319 ιο

183 1337 255 1386 ’ΨΜ
432 1369 462 1418 et
476 1375 574 1433 neque
588 1354 735 1416 tenuiores
754 1366 872 1432 propter
890 1355 1087 1415 humilitatem
1104 1355 1227 1416 circum-

183 1456 337 1516 veniantur
350 1473 446 1531 neque
467 1452 664 1530 locupletibus
683 1454 723 1512 ad
743 1471 797 1511 sua
814 1453 861 1512 vel
880 1453 1010 1512 tenenda
1027 1455 1074 1512 vel
1094 1472 1226 1529 recuper-

183 1555 262 1612 anda
275 1551 352 1612 obsit
369 1549 488 1622 invidia,
502 1561 653 1627 praeterea
671 1549 908 1625 quibuscumque
929 1550 1016 1609 rebus
1030 1551 1078 1609 vel
1094 1536 1165 1610 belli
1179 1551 1226 1609 vel

183 1648 265 1708 dorni
278 1659 424 1725 poterunt,
436 1667 498 1708 rem
508 1647 657 1724 publicam
666 1658 792 1724 augeant
803 1646 1013 1724 imperio-agris
1022 1648 1222 1725 ¹vectigalibus.

134 1753 137 1787 :
185 1749 272 1807 Haec
292 1764 465 1822 magnorum
485 1743 640 1804 hominum
661 1754 738 1815 sunt,
760 1745 835 1802 haec
855 1743 935 1819 apud
956 1743 1082 1804 maiores
1108 1754 1224 1803 nostros
1239 1766 1267 1816 15

127 1844 130 1848 ’
182 1840 321 1913 factitata,
336 1841 409 1899 haec
422 1858 530 1916 genera
547 1838 711 1898 officiorum
726 1838 778 1914 qui
791 1849 1007 1915 persequuntur
1026 1848 1095 1898 cum
1109 1857 1225 1898 summa

182 1937 307 1997 utilitate
326 1935 368 1996 rei
388 1935 524 2013 publicae
545 1954 683 2012 magnam
704 1934 759 2012 ipsi
773 1934 973 2011 adipiscentur
992 1945 1022 1995 et
1043 1935 1166 2012 gratiam
1193 1946 1223 1995 et

182 2034 313 2112 gloriam.

209 2161 263 2202 em
296 2161 321 2202 οι
356 2174 395 2202 0„
492 2131 539 2189 86.
571 2130 608 2188 In
621 2128 778 2189 bisantem
791 2129 950 2190 utilitatum
964 2129 1127 2207 praeceptis
1141 2128 1223 2189 Anti-

131 2239 134 2247 .
185 2212 265 2252 Healtb
273 2212 315 2253 and
322 2211 396 2252 Estate

184 2262 258 2303 suoru
291 2261 318 2302 b,
356 2267 396 2303 σῃ,
433 2236 516 2303 pater
541 2225 656 2303 Tyrius,
679 2225 803 2299 Stoicus,
829 2227 880 2303 qui
906 2225 1032 2286 Athenis
1060 2245 1155 2303 nuper
1178 2237 1223 2286 est
1237 2247 1267 2281 20

183 2312 250 2402 ¹332,
271 2324 394 2404 ωοζξῦζῗζ
431 2333 572 2396 mortuus,
588 2323 649 2382 duo
663 2322 818 2398 praeterita
831 2333 932 2382 censet
951 2341 1015 2382 esse
1034 2342 1052 2381 a
1071 2321 1220 2393 Panaeti0,

182 2411 262 2454 “m
429 2419 605 2480 valetudinis
620 2418 803 2479 curationem
821 2430 851 2479 et
868 2418 1027 2496 pecuniae:
1048 2437 1121 2494 quas
1140 2438 1186 2478 res
1204 2438 1222 2478 a

181 2538 298 2579 summo
319 2518 497 2596 philosopho
520 2517 689 2594 praeteritas
716 2517 846 2589 arbitror,
870 2518 953 2593 quod
979 2527 1078 2577 essent
1105 2516 1222 2592 faciles,

181 2626 249 2675 sunt
262 2625 340 2676 certe
354 2607 449 2674 utiles.
491 2617 552 2675 Sed
564 2616 703 2674 valetudo
718 2624 897 2674 sustentatur
910 2613 1015 2673 notitia
1033 2613 1077 2672 sui
1092 2613 1221 2692 corporis

132 2726 135 2733 '
179 2724 210 2774 et
234 2711 448 2785 observatione,
472 2731 617 2788 quaeres
641 2723 692 2771 aut
718 2713 859 2787 prodesse
886 2713 1000 2771 soleant
1028 2721 1079 2770 aut
1106 2711 1219 2783 obesse,
1235 2736 1265 2784 ²5

180 2822 210 2871 et
224 2809 407 2871 continentia
425 2809 457 2869 in
474 2808 554 2868 victu
569 2809 651 2868 omni
665 2820 754 2884 atque
767 2811 849 2868 cultu
868 2808 997 2884 corporis
1011 2808 1115 2869 tuendi
1133 2827 1221 2866 causa

181 2903 445 2985 praetermittendis
466 2903 675 2980 voluptatibus,
698 2915 848 2979 postremo
872 2914 934 2965 arte
961 2922 1071 2976 eorum,
1097 2923 1222 2980 quorum

181 3006 220 3064 ad
234 3000 386 3063 scientiam
401 3000 476 3059 haec
491 2998 647 3076 pertinent.
691 3002 739 3074 87.
762 3001 824 3059 Res
837 3010 938 3059 autem
954 2998 1103 3059 familiaris
1122 3001 1222 3077 quaeri

180 3099 270 3159 debet
296 3098 332 3158 iis
359 3099 455 3171 rebus,
476 3117 494 3157 a
521 3097 628 3174 quibus
650 3097 733 3158 abest
754 3098 913 3174 turpitudo,
935 3098 1101 3158 conservari
1122 3111 1221 3158 autem
1322 3134 1327 3143 ·

181 3195 332 3272 diligentia
344 3205 374 3255 et
393 3195 579 3272 parsimonia,
594 3194 707 3255 eisdem
726 3194 816 3255 etiam
835 3197 922 3255 rebus
941 3195 1047 3273 augeri
1091 3198 1157 3255 Has
1175 3215 1221 3255 res
1235 3218 1267 3267 30

180 3291 421 3352 commodissime
434 3293 605 3368 Xenophon
619 3291 783 3352 Socraticus
796 3303 968 3369 persecutus
982 3304 1026 3353 est
1040 3292 1071 3351 in
1085 3311 1122 3352 eo
1136 3293 1219 3366 libr0,

181 3388 232 3464 qui
247 3388 491 3450 ‘Oeconomicus'
506 3388 679 3460 inscribitur,
695 3408 784 3465 quem
805 3408 869 3462 nos,
885 3388 941 3449 ista
956 3390 1017 3451 fere
1037 3399 1132 3449 aetate
1151 3410 1220 3449 cum

180 3505 319 3560 essemus,
339 3504 399 3562 qua
416 3502 449 3545 es
467 3495 500 3544 tu
521 3503 610 3558 nunc,
628 3503 645 3544 e
664 3485 779 3545 Graeco
798 3484 830 3544 in
851 3484 991 3545 Latinum
1011 3483 1217 3545 convertimus.

131 3717 132 3721 ¹
225 3749 241 3792 4
257 3727 328 3778 verba
343 3743 400 3778 cum
414 3727 490 3792 ipsius
505 3726 628 3788 intererat,
647 3733 701 3777 tum
716 3727 806 3776 habent
820 3728 868 3778 duo
883 3729 948 3777 codd.
960 3744 973 3776 c
984 3735 1022 3792 pt
1038 3729 1067 3778 in
1083 3735 1132 3778 cett.
1151 3729 1216 3780 codd.

175 3813 262 3862 desunt
295 3814 305 3869 [Ι
340 3809 474 3874 6peceare
486 3808 583 3857 seclusa
595 3808 637 3857 Ba
647 3815 743 3858 auctore
754 3809 836 3858 Bakio
876 3813 887 3867 ll
922 3808 954 3859 26
970 3810 1218 3875 causa[praetermit·

177 3891 259 3943 tendis
268 3890 447 3956 voluptatibus]
461 3890 503 3939 Ba
517 3889 597 3938 Heine
607 3889 649 3938 Lu
1201 3903 1204 3907 ·
