2670 4296
187 213 225 267 24
404 198 454 257 De
469 199 550 257 terlio
569 198 652 274 ffcii
659 201 745 276 stante
760 202 821 261 sive
838 203 1015 264 Fortitudine
1047 199 1079 286 [1
1094 224 1177 267 xvm
1190 210 1228 268 62

220 395 363 437 tortitudo
433 365 489 427 sita
512 367 570 428 sint
606 389 714 447 genera
740 383 887 447 quattuor,
914 374 1061 451 equibus
1088 377 1227 439 honestas

196 470 389 564 ‘RQ-9²2&
434 464 624 542 officiumque
657 480 797 541 manaret,
825 470 1096 546 splendidissimum
1126 473 1219 535 videri

184 559 399 652 og‘iffgffiffij
433 563 515 640 quod
536 563 636 624 animo
660 584 768 642 magno
790 567 927 643 elatoque
954 569 1158 647 humanasque
1180 590 1227 632 res

184 661 235 753 {222¹
242 661 396 761 {300th
432 659 613 736 despiciente
626 664 737 721 factum
751 662 795 722 sit.
808 666 914 740 Itaque
927 663 958 724 in
971 665 1086 744 probn‘s
1098 667 1227 727 maxime

183 761 244 802 ouer
252 761 318 803 urae.
432 761 615 848 inpromptu
629 771 682 834 est,
697 759 722 819 si
736 759 809 837 quid
823 762 880 820 tale
895 760 954 819 dici
967 770 1083 837 potest:
1259 769 1275 824 5

280 875 325 925 Vls
339 874 406 925 enim
421 875 518 924 iuvenes
533 871 648 922 Animum
660 872 746 936 grn'tit
761 871 908 935 mdlt'ebrem,
926 872 973 921 illa
988 873 1059 938 virgei
1072 875 1130 937 vid,

184 999 214 1051 et
228 986 339 1066 siquid
353 985 519 1049 eiusmodi:

408 1099 555 1156 Salmacida,
563 1098 639 1162 spolia
654 1096 708 1147 sine
722 1098 809 1147 sudore
822 1104 846 1147 ct
860 1097 985 1162 sdnguinc.

244 1183 414 1274 Contraque
435 1197 466 1256 in
486 1196 631 1269 laudibus,
654 1215 730 1272 quae
751 1214 859 1272 magno
879 1196 979 1256 animo
1001 1195 1113 1259 fortiter
1133 1200 1227 1259 excel-

173 1295 336 1370 lenterque
356 1306 438 1372 gesta
458 1304 534 1367 sunt,
550 1313 586 1353 ea
605 1293 706 1352 nescio
727 1311 787 1368 quo
808 1293 900 1352 modo
921 1292 1005 1369 quasi
1024 1295 1155 1371 pleniore
1176 1316 1226 1357 ore
1242 1320 1272 1355 ιο

184 1394 346 1453 laudamus.
390 1392 472 1452 Hinc
490 1395 640 1453 rhetorum
661 1410 783 1467 campus
804 1392 843 1451 de
864 1393 1040 1453 Marathone
1071 1394 1225 1469 Salamine,

84 1531 85 1536 η
184 1487 309 1548 Plataeis
333 1485 547 1563 Thermopylis,
563 1485 704 1559 Leuctris,
719 1485 790 1552 hinc
803 1497 903 1547 noster
916 1489 1031 1562 Cocles,
1046 1487 1116 1547 hinc
1130 1488 1225 1562 Decii,

182 1583 253 1642 hinc
275 1586 331 1645 Cn.
354 1593 384 1643 et
407 1584 438 1641 P.
463 1581 624 1658 Scipiones,
647 1582 717 1641 hinc
743 1584 785 1641 M.
810 1585 977 1658 Marcellus,
998 1584 1225 1647 innumerabiles
1267 1643 1271 1651 .

182 1679 240 1753 alii,
268 1678 454 1754 maximeque
481 1677 544 1755 ipse
567 1681 694 1756 populus
723 1681 879 1739 Romanus
906 1679 997 1740 animi
1023 1681 1225 1758 magnitudine

181 1776 306 1838 excellit.
362 1777 534 1836 Declaratur
567 1787 667 1836 autem
691 1775 821 1836 studium
848 1777 971 1837 bellicae
997 1777 1114 1855 gloriae,
1142 1781 1223 1857 quod
1238 1797 1268 1848 15
1290 1760 1296 1781 ⁴

182 1886 291 1935 statuas
306 1893 425 1951 quoque
439 1874 574 1934 videmus
589 1884 693 1934 ornatu
706 1875 766 1933 sere
780 1872 904 1935 militari.

103 1978 172 2038 XIX,
207 1997 316 2038 poma,
337 2004 393 2038 ,mm
489 1974 536 2032 62.
579 1971 638 2030 Sed
660 1989 695 2029 ea
718 1969 810 2029 animi
833 1969 930 2044 elatio,
945 1990 1021 2048 quae
1043 1971 1171 2033 cernitur
1191 1971 1222 2033 in

180 2047 231 2139 beai,
244 2048 393 2157 ῗῗζέζρῗζξὲ
427 2068 563 2144 periculis
577 2079 606 2128 et
620 2067 776 2141 laboribus,
791 2067 816 2126 si
829 2065 937 2127 iustitia
951 2080 1034 2129 vacat
1052 2082 1222 2149 pugnatque

179 2147 393 2244 3ffi¹³{i,⁶⁵²13{,²1d{,⁵„²,2
430 2182 492 2222 non
515 2183 568 2240 pro
590 2164 683 2223 salute
711 2163 870 2236 communi,
895 2164 949 2223 sed
975 2183 1029 2241 pro
1056 2165 1115 2226 suis
1143 2186 1223 2228 com·

177 2247 394 2338 ,ξζοᾞῗῖζξῗῇξζῗὲ
428 2257 534 2330 modis,
549 2258 580 2320 in
598 2258 669 2319 vitio
688 2270 753 2319 est:
772 2279 834 2319 non
850 2260 942 2319 modo
961 2260 1040 2320 enim
1057 2261 1089 2321 id
1108 2261 1267 2325 virtutisne

164 2347 298 2438 .},¹},{¹„¹¹¹⁰d⁹
316 2346 340 2389 ⁰s
353 2359 389 2388 ⁸⁰·
425 2377 486 2418 non
520 2367 572 2429 est,
601 2359 654 2418 sed
687 2367 732 2417 est
764 2356 862 2433 potius
895 2356 1074 2418 inmanitatis
1101 2378 1222 2420 omnem

177 2445 395 2548 ,tffiydffigi‘fflgf
426 2452 639 2514 humanitatem
666 2451 840 2534 repellentis.
897 2455 1002 2530 Itaque
1027 2443 1125 2530 'probe
1151 2455 1222 2516 defi-

176 2547 390 2637 ffnffaffoffigfflg
424 2550 503 2610 nitur
516 2569 534 2608 a
547 2548 652 2609 Stoicis
673 2548 823 2621 fortitudo,
838 2568 908 2608 cum
924 2569 990 2609 eam
1003 2549 1142 2611 virtutem
1156 2566 1222 2612 esse

170 2648 210 2713 yth«
222 2661 280 2688 same
290 2660 387 2699 porose-
424 2646 527 2707 dicunt
546 2657 779 2722 propugnantem
799 2665 853 2722 pro
875 2645 1030 2722 aequitate.
1073 2647 1220 2722 Quocirca

175 2766 274 2821 nemo,
289 2747 340 2825 qui
353 2745 531 2808 fortitudinis
546 2744 669 2821 gloriam
679 2755 856 2804 consecutus
870 2757 914 2805 est
928 2744 1041 2805 insidiis
1055 2756 1084 2805 et
1098 2744 1216 2819 malitia,
1231 2763 1262 2814 ²5

174 2842 294 2903 laudem
311 2855 355 2904 est
368 2844 493 2919 adeptus
502 2860 511 2915 3
530 2839 606 2928 nihil
626 2840 785 2904 honestum
799 2858 864 2900 esse
884 2849 990 2917 potest,
1006 2840 1088 2917 quod
1108 2832 1218 2902 iustitia

174 2951 266 3000 vacat

189 3101 191 3106 ,
234 3039 281 3112 63.
324 3037 509 3097 Praeclarum
518 3030 604 3110 igitur
616 3031 689 3092 illud
699 3030 829 3092 Platonis
843 3055 849 3093 :
871 3035 972 3094 ‘Non'
985 3033 1090 3112 inquit,
1106 3037 1216 3098 ‘solum

133 3133 136 3139 '
172 3128 302 3203 scientia,
314 3141 445 3207 quaeest
459 3140 572 3190 remota
585 3129 622 3188 ab
636 3126 754 3196 iustitia,
769 3125 912 3187 calliditas
926 3129 1024 3205 potius
1039 3150 1129 3207 quam
1142 3133 1216 3211 sapi-

171 3225 251 3285 entia
264 3236 308 3286 est
321 3227 505 3303 appellanda,
518 3244 621 3284 verum
634 3223 724 3283 etiam
737 3223 852 3282 animus
863 3235 981 3301 paratus
989 3226 1031 3286 ad·
1041 3228 1213 3306 periculum,
1228 3227 1260 3307 30

169 3323 194 3385 si
214 3345 268 3385 sua
287 3324 457 3402 cupiditate,
479 3341 541 3382 non
555 3320 678 3381 utilitate
705 3320 858 3381 communi
885 3321 1051 3399 impellitur,
1074 3326 1215 3388 audaciae

169 3418 267 3496 potius
287 3438 397 3480 nomen
418 3419 526 3478 habeat
546 3437 636 3494 quam
656 3415 851 3477 fortitudinis?
893 3419 1000 3494 Itaque
1021 3418 1098 3478 viros
1125 3422 1214 3482 sortes

168 3522 198 3573 et
225 3513 429 3591 magnanimos
455 3513 578 3573 eosdem
600 3511 695 3571 bonos
719 3522 749 3571 et
772 3510 928 3588 simplices,
953 3511 1081 3573 veritatis
1102 3514 1213 3576 amicos

168 3609 349 3689 minimeque
369 3612 486 3671 fallaces
506 3628 571 3670 esse
591 3610 745 3669 volumus:
767 3627 843 3684 quae
864 3620 933 3669 sunt
953 3629 990 3670 ex
1010 3611 1110 3672 media
1124 3613 1213 3673 laude

217 3736 234 3788 6
248 3754 278 3788 aa
287 3738 330 3788 hoc
338 3738 472 3804 reptantia
480 3737 582 3788 aeratos
591 3738 741 3803 effinxemtt
749 3737 802 3787 edd.
813 3737 879 3786 enim
890 3739 918 3787 in
929 3738 1020 3788 etenim
1031 3745 1132 3797 mutato,
1143 3739 1214 3796 virgo

167 3817 196 3868 in
206 3818 306 3883 virago:
323 3836 347 3870 v.
358 3821 507 3870 Lachmann
523 3811 555 3868 i'n¹
567 3818 664 3869 Lucrct.
672 3826 700 3883 p.
714 3831 768 3886 227¹
798 3821 807 3876 ΙΙ
844 3818 1027 3870 8Salmacida
1041 3818 1141 3883 OrLu3
1157 3821 1212 3874 Sai-

76 3874 126 4041 χ
166 3895 264 3946 macida
273 3896 322 3948 Ba.
332 3903 388 3962 post
397 3896 448 3947 Iul.
460 3897 568 3962 Scaliger
578 3894 649 3963 (Lect.
663 3897 757 3947 Auson.
768 3898 783 3944 '1
795 3894 835 3959 28)
847 3897 928 3945 Heine
