2670 4296
128 163 265 248 111119]
351 168 439 228 mira
458 173 568 228 natura
587 169 624 228 ab
642 144 857 229 honestatem
876 168 1016 228 disiuncta
1138 168 1176 244 ⁶3

126 347 216 415 atque
236 336 268 398 in
289 336 434 398 maxumis
455 340 544 398 rebus
566 337 735 399 errantium.
778 335 810 398 Si
830 346 931 397 autem
945 346 989 396 est
1002 334 1102 412 aliqua
1117 335 1174 396 dis

126 434 238 512 ciplina
252 433 375 509 virtutis,
391 433 443 494 ubi
458 454 493 495 ea
507 446 670 511 quaeretur,
686 453 755 494 cum
775 433 813 493 ab
833 435 892 493 hoc
911 431 1045 493 discendi
1065 451 1173 509 genere

127 529 321 592 discesseris?
372 533 432 592 Sed
459 531 543 604 haec,
567 551 635 591 cum
662 532 702 591 ad
729 528 948 607 philosophiam
973 529 1173 602 cohortamur,

126 627 289 688 accuratius
317 625 459 703 disputari
480 629 586 700 solent,
609 628 690 703 quod
711 626 770 686 alio
791 627 923 702 quodam
944 623 1020 685 libro
1040 624 1171 697 fecimus

128 727 200 785 Hoc
212 735 312 784 autem
326 735 460 801 tempore
475 735 591 784 tantum
606 723 692 784 nobis
707 723 917 782 declarandum
932 721 995 794 fuit,
1010 741 1062 781 cur
1076 722 1172 782 orbati
1203 745 1217 794 5

126 819 326 898 reipublicae
346 819 518 881 muneribus
538 821 577 880 ad
598 820 657 880 hoc
677 837 732 879 nos
753 818 882 878 studium
903 816 1088 896 potissimum
1103 837 1173 878 con·

128 916 305 978 tulissemus.

153 1049 197 1091 ffi,
213 1049 300 1093 ἀξίω
319 1052 345 1094 0,
441 1030 466 1089 7.
510 1013 681 1076 Occurritur
707 1023 807 1073 autem
835 1010 921 1072 nobis
948 1021 978 1071 et
1006 1010 1126 1087 quidem
1153 1029 1173 1072 a

127 1098 161 1141 ¹²¹⁵
183 1114 230 1141 Μ
258 1102 341 1164 ³¹¹²⁸⁸f¹
379 1112 475 1173 doctis
489 1122 520 1172 et
533 1110 654 1172 eruditis
675 1109 884 1187 quaerentibus
915 1108 1022 1168 satisne
1036 1118 1171 1168 constan-

127 1149 282 1203 inconsistency
319 1165 341 1194 tn

127 1199 342 1294 ξξξζῑξῑὼίξθῇζζ
379 1221 423 1270 ter
449 1212 544 1269 facere
571 1209 733 1280 videamur,
762 1206 822 1283 qui,
851 1225 920 1266 cum
953 1205 1064 1284 percipi
1098 1207 1171 1267 nihil
1187 1229 1217 1263 10

128 1300 343 1404 fflffifflgg
379 1323 467 1379 posse
481 1304 623 1375 dicamus,
638 1314 739 1362 tamen
752 1312 783 1362 et
797 1300 860 1360 aliis
875 1302 913 1360 de
926 1302 1013 1361 rebus
1029 1301 1172 1364 disserere

128 1401 342 1500 ffbjefflhjsseffiiffl
380 1402 526 1462 soleamus
547 1413 577 1461 et
596 1404 654 1461 hoc
675 1400 740 1478 ipso
759 1412 893 1477 tempore
913 1411 1069 1477 praecepta
1083 1400 1172 1462 officii

127 1504 342 1602 werw-
377 1517 597 1575 persequamur.
628 1496 744 1572 Quibus
757 1498 864 1555 vellem
879 1495 948 1555 satis
962 1496 1080 1573 cognita
1093 1508 1172 1559 esset

204 1583 211 1595 ’
380 1605 480 1654 nostra
500 1593 663 1654 sententia!
696 1596 767 1653 Non
785 1593 864 1653 enim
883 1612 982 1652 sumus
1002 1592 1170 1669 iiquorum

126 1701 248 1767 vagetur
274 1689 389 1749 animus
418 1710 513 1750 errore
541 1710 599 1749 nec
626 1688 734 1748 habeat
762 1708 903 1764 umquam
926 1687 998 1765 quid
1022 1701 1213 1765 sequaninis

129 1788 215 1863 Quae
236 1785 315 1845 enim
337 1795 414 1845 esset
434 1785 490 1845 ista
509 1805 593 1846 mens
614 1786 661 1845 vel
682 1805 757 1862 quae
778 1785 838 1845 vita
857 1785 964 1862 potius,
990 1805 1051 1846 non
1077 1788 1170 1847 modo

128 1882 299 1960 disputandi
319 1884 373 1943 sed
394 1882 483 1942 etiam
502 1881 622 1942 vivendi
648 1883 761 1943 ratione
789 1882 924 1944 sublata?
971 1885 1036 1943 Nos
1059 1894 1167 1959 autem,

128 1990 161 2039 ut
182 1979 271 2040 ceteri
291 1978 349 2038 aha
369 1990 457 2051 certa,
478 1978 536 2038 alia
556 1978 668 2039 incerta
687 1998 751 2039 esse
773 1978 885 2052 dicunt,
907 1977 950 2038 sic
976 1980 1015 2038 ab
1042 1979 1087 2039 his
1112 1979 1170 2040 dis·

128 2074 297 2148 sentientes,
326 2075 383 2135 aha
415 2074 589 2151 probabilia,
619 2086 722 2136 contra
751 2074 809 2134 alia
835 2074 967 2135 dicimus.
1024 2078 1051 2134 8.
1087 2077 1169 2152 Quid

127 2184 172 2234 est
193 2171 280 2250 igitur
301 2173 382 2248 quod
402 2190 451 2230 me
472 2171 615 2247 impediat
635 2191 768 2247 eaquae
788 2171 951 2248 probabilia
965 2171 1037 2231 mihi
1051 2171 1168 2233 videan-
1181 2194 1213 2230 ιο

127 2280 179 2339 tur,
194 2269 285 2346 sequi,
308 2288 384 2345 quae
405 2280 516 2340 contra,
545 2267 710 2345 improbare
738 2279 828 2344 atque
850 2267 1014 2327 affirmandi
1035 2288 1168 2346 arrogan-

127 2364 199 2426 tiam
219 2364 362 2424 vitantem
389 2366 487 2440 fugere
508 2365 710 2437 temeritatem,
740 2384 815 2441 quae
836 2384 854 2423 a
874 2364 1017 2442 sapientia
1044 2364 1168 2426 dissidet

127 2458 306 2536 plurimum?
349 2461 460 2520 Contra
487 2471 585 2519 autem
606 2460 706 2519 omnia
726 2460 891 2536 disputatur
911 2479 929 2519 a
949 2459 1063 2533 nostris
1086 2463 1167 2538 quod

128 2557 186 2616 hoc
200 2555 296 2633 ipsum
310 2556 462 2632 probabile
477 2558 591 2616 elucere
605 2576 665 2616 non
681 2568 788 2633 posset,
811 2556 867 2616 nisi
888 2576 925 2617 ex
946 2568 1069 2634 utraque
1084 2570 1167 2635 parte

127 2670 281 2712 causarum
299 2663 376 2712 esset
396 2654 473 2712 facta
494 2653 652 2713 contentio.
696 2655 755 2713 Sed
776 2655 850 2713 haec
871 2654 1027 2730 explanata
1048 2665 1115 2714 sunt
1136 2654 1166 2714 in
1180 2673 1211 2722 25

126 2748 314 2809 Academicis
328 2749 434 2808 nostris
448 2748 523 2822 satis,
532 2761 564 2808 ut
578 2750 704 2826 arbitror,
714 2749 875 2826 diligenter.
919 2749 987 2809 Tibi
1002 2761 1108 2823 autem,
1124 2751 1166 2812 mi
1262 2822 1265 2829 ,

127 2841 241 2918 Cicero,
256 2862 435 2919 quamquam
450 2843 480 2903 in
494 2843 698 2920 antiquissima
718 2844 958 2921 nobilissimaque
979 2845 1166 2923 philosophia

126 2937 269 3015 Cratippo
295 2950 415 2998 auctore
441 2939 574 3013 versaris,
601 2939 636 3000 iis
664 2939 820 3013 simillimo,
850 2940 900 3017 qui
934 2939 990 3000 ista
1016 2943 1165 3017 praeclara

123 3044 307 3110 pepererunt,
336 3044 435 3094 tamen
464 3036 538 3095 haec
561 3047 659 3096 nostra
691 3036 826 3095 finituma
846 3035 949 3096 vestris
979 3035 1080 3113 ignota
1100 3056 1165 3099 esse

123 3129 214 3191 nolui
257 3131 317 3190 Sed
330 3129 388 3190 iam
404 3132 443 3191 ad
456 3130 588 3192 instituta
602 3152 765 3209 pergamus.
1178 3157 1209 3205 30

72 3233 111 3282 111
435 3249 462 3305 9.
504 3229 644 3307 Quinque
683 3230 770 3307 igitur
808 3229 968 3290 rationibus
1007 3230 1165 3309 propositis

165 3321 337 3374 ¹³¹⁹‘di‘ffl
374 3325 462 3387 officii
482 3326 686 3403 persequendi,
702 3346 825 3403 quarum
846 3328 922 3388 duae
942 3328 982 3386 ad
1002 3328 1094 3388 decus
1113 3330 1166 3390 ho·

125 3381 203 3414 annot
235 3373 262 3412 be
296 3373 337 3412 dis·

123 3421 336 3522 ffioefflfflffi‘g
374 3431 579 3497 nestatemque
611 3420 800 3497 pertinerent,
834 3423 912 3482 duae
939 3423 978 3482 ad
1005 3425 1165 3484 commoda

123 3536 172 3614 phe
179 3522 337 3624 2ᾎᾶἓὲῗύ
373 3516 460 3588 vitae,
475 3516 584 3592 copias,
599 3535 680 3592 opes,
695 3517 856 3608 facultates,
868 3515 971 3591 quinta
983 3517 1023 3576 ad
1037 3515 1164 3593 eligendi

124 3622 292 3714 “⁵¹⁰¹¹¹„,1¹1²d⁸
314 3629 336 3662 to
374 3611 520 3685 iudicium,
535 3613 560 3671 si
580 3611 700 3689 quando
715 3630 840 3687 eaquae
859 3610 920 3671 dixi
939 3630 1068 3708 pugnare
1088 3610 1164 3672 inter
1176 3634 1205 3687 ³⁵

122 3681 184 3725 Μ
374 3728 406 3768 se
416 3708 589 3778 viderentur,
610 3706 773 3767 honestatis
786 3726 853 3783 pars
863 3709 998 3769 conlecta
1011 3718 1064 3784 est,
1074 3726 1163 3787 quam

170 3826 373 3954 affiisputantur
384 3826 414 3874 St
423 3840 479 3874 cum
484 3824 608 3890 plurisque
618 3826 683 3877 codd.
719 3830 729 3885 ll
766 3843 797 3891 ²4
813 3827 890 3892 possit
908 3827 946 3878 Or
956 3829 996 3878 Zu
1006 3845 1063 3880 crem
1072 3830 1163 3896 plm‘s·

120 3919 188 3970 quet
232 3941 239 3954 .
