2670 4296
195 202 233 259 aa
355 216 363 241 2
586 199 634 256 oe
651 160 683 257 a
703 198 872 275 beneficenaa
1056 193 1239 278 [11xv1158

195 373 302 434 riores:
329 373 410 431 hunc
436 380 481 431 est
508 372 635 430 Scaurus
662 368 801 429 imitatus.
846 367 1139 446 Magnificentissima
1168 393 1239 436 vero

196 466 287 528 nostri
304 465 429 543 Pompei
447 484 571 525 munera
589 467 721 526 secundo
740 466 911 525 consulatu:
932 463 964 525 in
977 465 1084 542 quibus
1102 467 1239 530 omnibus

97 586 181 636 xvu
195 565 268 642 quid
288 563 361 624 mihi
380 565 503 642 placeat,
525 562 615 624 vides.
673 566 718 640 58.
770 563 902 623 Vitanda
921 573 1022 623 tamen
1042 564 1166 641 suspitio
1194 579 1239 627 est

111 728 112 733 ,
218 685 328 736 amensa
382 693 405 726 ω
444 659 588 720 avaritiae
632 661 794 733 Mamerco,
816 659 931 718 homini
951 658 1135 737 divitissimo,
1157 683 1238 740 prae·

192 735 403 828 Kiffibiffifflfflss
440 756 587 817 termissio
605 746 762 816 aedilitatis
781 758 951 819 consulatus
969 759 1115 834 repulsam
1130 760 1233 820 attulit.
1264 788 1278 836 ⁵

191 849 256 878 ⁶²⁵⁶*
442 852 512 926 Qua
525 871 556 912 re
570 862 609 926 et,
627 852 652 933 si
670 839 836 929 postulatur
852 872 871 912 a
890 853 1011 931 populo,
1023 854 1113 914 bonis
1127 855 1195 929 viris
1211 857 1236 916 si

191 951 403 1043 mangiggeasqffiffi
441 969 502 1008 non
517 943 761 1022 desiderantibus,
781 959 811 1008 at
825 961 924 1010 tamen
942 950 1182 1027 adprobantibus,
1198 956 1235 1013 sa-

189 1052 217 1092 be
223 1015 405 1102 itiifflravoided
441 1045 585 1104 ciundum
599 1057 652 1118 est,
672 1047 764 1106 modo
778 1065 832 1123 pro
846 1046 1040 1120 facultatibus,
1061 1067 1115 1109 nos
1134 1049 1190 1127 ipsi
1203 1061 1236 1110 ut

191 1141 322 1216 fecimus,
337 1153 375 1218 et,
393 1142 553 1220 siquando
575 1143 674 1220 aliqua
693 1163 739 1205 res
760 1143 854 1205 maior
875 1155 964 1220 atque
985 1145 1083 1206 utilior
1101 1147 1236 1225 populari

191 1241 344 1318 largitione
364 1240 536 1318 adquiritur,
561 1252 595 1301 ut
616 1241 714 1302 Oresti
739 1261 834 1319 nuper
856 1241 980 1318 prandia
1000 1241 1032 1302 in
1055 1229 1166 1304 semitis
1187 1246 1279 1349 de3ro

80 1381 84 1389 .
191 1357 297 1396 cumae
312 1336 432 1397 nomine
448 1355 557 1413 magno
572 1336 677 1396 honori
691 1338 816 1396 suerunt.
850 1338 899 1396 Ne
914 1338 1018 1414 Marco
1032 1337 1152 1415 quidem
1167 1342 1234 1403 Seio
1256 1342 1261 1351 ’

191 1436 264 1497 vitio
286 1437 388 1495 datum
410 1444 462 1507 est,
479 1435 561 1510 quod
574 1433 606 1492 in
620 1433 740 1517 caritate
761 1453 826 1506 asse
846 1421 982 1494 modium
1001 1439 1113 1513 populo
1134 1439 1235 1515 dedit3

192 1554 299 1613 magna
312 1533 393 1617 enim
407 1553 438 1605 se
457 1545 488 1604 et
501 1530 665 1594 inveterata·
680 1531 792 1592 invidia
808 1552 864 1593 nec
878 1532 956 1610 turpi
973 1532 1092 1609 iactura,
1112 1539 1233 1612 quando

192 1645 252 1693 erat
269 1618 380 1704 aedilis,
402 1649 458 1690 nec
477 1629 606 1689 maxima
623 1628 763 1702 liberavit
807 1630 867 1691 Sed
885 1629 991 1690 honori
1009 1650 1128 1691 summo
1140 1652 1234 1710 nuper

192 1740 292 1788 nostro
308 1726 415 1787 Miloni
429 1726 492 1799 suit,
507 1725 559 1803 qui
577 1725 788 1804 gladiatoribus
802 1725 910 1803 emptis
924 1727 966 1787 rei
982 1727 1118 1804 publicae
1135 1749 1230 1806 causa,
1247 1750 1270 1798 15

192 1844 268 1901 quae
283 1825 376 1883 salute
390 1818 489 1882 nostra
503 1814 717 1902 continebatur,
737 1842 841 1883 omnes
856 1825 888 1881 P.
905 1823 1004 1885 Clodii
1022 1836 1144 1897 conatus
1158 1829 1233 1887 suro

192 1916 296 1999 resque
310 1919 490 1997 compressit.
534 1922 631 1981 Causa
649 1919 735 1996 igitur
752 1914 913 1996 largitionis
927 1930 980 1991 est,
1002 1920 1027 1980 si
1047 1931 1097 1980 aut
1111 1941 1232 1985 necesse

192 2031 237 2099 est
257 2029 308 2078 aut
328 2016 408 2077 utile.
452 2025 497 2093 39.
542 2017 579 2074 In
599 2015 645 2075 his
673 2026 773 2076 autem
800 2014 871 2093 ipsis
897 2016 1106 2076 mediocritatis
1133 2021 1232 2095 regula

192 2115 304 2193 optima
318 2124 370 2174 est.
408 2115 448 2171 ‘L.
463 2111 586 2188 quidem
601 2111 753 2189 Philippus
769 2113 806 2186 Q.
822 2113 847 2170 F
847 2156 865 2185 .,
880 2131 988 2190 magno
1001 2111 1045 2172 vir
1057 2107 1176 2190 ingenio
1189 2114 1232 2174 in·

191 2209 351 2287 primisque
365 2210 468 2280 clarus,
488 2207 604 2284 gloriari
622 2209 736 2268 solebat
750 2225 782 2266 se
796 2205 859 2267 sine
873 2209 934 2267 ullo
948 2227 1069 2268 munere
1088 2210 1229 2286 adeptum
1245 2235 1276 2269 20

148 2344 150 2349 ·
192 2327 256 2368 esse
271 2305 378 2379 omnia,
394 2324 470 2382 quae
484 2305 661 2364 haberentur
675 2301 863 2380 amplissima.
899 2303 1027 2364 Dicebat
1040 2303 1120 2364 idem
1132 2307 1228 2382 Cotta,

193 2403 290 2464 Curio.
317 2400 413 2462 Nobis
427 2420 546 2477 quoque
556 2401 625 2462 licet
637 2400 669 2460 in
683 2402 741 2460 hoc
755 2401 886 2476 quodam
900 2402 991 2461 modo
1001 2401 1122 2479 gloriari.
1152 2406 1232 2474 Nam

192 2520 245 2576 pro
259 2498 452 2577 amplitudine
471 2499 627 2571 honorum,
642 2517 718 2574 quos
732 2495 845 2556 cunctis
859 2497 1002 2574 suffragiis
1016 2498 1116 2575 adepti
1130 2520 1231 2560 sumus

192 2608 292 2655 nostro
307 2593 428 2671 quidem
444 2613 533 2666 anno,
551 2595 634 2669 quod
653 2593 775 2671 contigit
793 2614 895 2656 eorum
914 2592 1034 2668 nemini,
1050 2613 1125 2670 quos
1138 2596 1231 2657 modo

191 2689 350 2764 nominavi,
369 2709 440 2750 sane
462 2689 584 2765 exiguus
607 2701 740 2766 sumptus
759 2688 916 2753 aedilitatis
937 2688 998 2750 luit.
1041 2692 1088 2750 60.
1131 2694 1230 2768 Atque
1243 2709 1274 2760 25

342 2780 344 2785 ’
440 2787 528 2849 etiam
557 2786 624 2847 illae
651 2785 802 2864 impensae
829 2785 974 2860 meliores,
996 2786 1080 2861 muri,
1106 2788 1228 2860 navalia,

190 2845 403 2956 ,ssll‘llllllilf
439 2895 549 2960 portus,
578 2902 719 2959 aquarum
749 2885 856 2943 ductus
886 2882 1053 2960 omniaque,
1084 2903 1161 2960 quae
1191 2886 1230 2944 ad

189 2959 241 2996 ω
438 2999 525 3039 usum
563 2978 607 3038 rei
649 2978 784 3057 publicae
827 2979 983 3057 pertinent.
1040 2980 1230 3057 Quamquam

190 3079 272 3156 quod
297 3098 435 3156 praesens
463 3089 615 3154 tamquam
642 3076 674 3136 in
704 3097 827 3137 manum
860 3079 947 3138 datur
974 3076 1131 3141 iucundius
1165 3088 1228 3138 est:

189 3188 288 3236 tamen
315 3177 390 3235 haec
416 3173 447 3232 in
467 3184 618 3250 posterum
641 3172 774 3249 gratiora
817 3174 954 3245 Theatra,
982 3171 1122 3248 porticus,
1152 3191 1229 3232 nova
1242 3191 1274 3241 ³0

188 3274 299 3350 templa
317 3272 513 3333 verecundius
533 3273 718 3348 reprehendo
738 3284 859 3350 propter
879 3271 1064 3349 Pompeium,
1086 3271 1140 3331 sed
1161 3273 1230 3331 doc·

188 3368 292 3429 tissimi
306 3388 367 3428 non
380 3368 515 3446 probant,
530 3379 563 3428 ut
577 3378 607 3428 et
621 3368 670 3428 hic
688 3369 752 3446 ipse
766 3368 933 3441 Panaetius,
954 3387 1044 3444 quem
1058 3369 1182 3426 multum
1197 3367 1228 3426 in

189 3465 235 3525 his
255 3464 334 3525 libris
355 3475 473 3526 secutus
494 3483 569 3537 sum,
592 3484 653 3524 non
674 3463 887 3542 interpretatus,
902 3475 933 3524 et
947 3465 1106 3523 Phalereus
1122 3466 1230 3523 Deme-

189 3562 270 3635 trius,
293 3560 344 3639 qui
365 3560 518 3634 Periclem,
540 3560 705 3637 principem
726 3560 875 3632 Graeciae,
897 3559 1049 3637 vituperat,
1071 3559 1153 3635 quod
1168 3570 1240 3642 tan·¹

189 3671 250 3718 tam
277 3655 434 3734 pecuniam
462 3655 494 3716 in
521 3658 669 3733 praeclara
695 3656 745 3716 illa
772 3658 931 3734 propylaea
959 3655 1125 3716 coniecerit.
1169 3656 1228 3716 Sed
1243 3671 1272 3725 35

52 3882 144 4048 Ἴ
297 3874 327 3924 28
344 3888 492 3938 quamquam
504 3875 570 3923 enim
583 3873 621 3922 Ba
632 3889 687 3922 cum
698 3872 748 3923 cod.
760 3873 835 3922 Bern.
849 3887 873 3934 a,
886 3886 1035 3938 quamquam
1046 3868 1117 3934 vulgo
