2670 4296
210 213 249 286 38
497 211 547 268 De
564 228 595 267 ca
608 216 697 284 parte
713 208 820 267 Decori
836 228 910 286 quac
926 207 970 267 ad
1054 205 1083 289 [Ι
1098 226 1179 268 xxix
1196 227 1251 287 ¹03

208 385 345 438 careant:
373 395 411 435 ex
431 393 493 452 quo
516 373 644 434 elucebit
666 374 762 434 omnis
786 375 952 434 constantia
973 374 1129 452 omnisque
1153 376 1255 436 mode-

209 473 293 533 ratio·
348 474 428 532 Nam
454 471 506 549 qui
532 472 679 549 appetitus
705 472 821 550 longius
847 484 1007 550 evagantur
1038 484 1069 533 et
1101 484 1254 548 tamquam

210 573 373 632 exultantes
400 569 462 630 sive
488 570 637 647 cupiendo
664 569 725 629 sive
751 569 893 646 fugiendo
919 589 981 630 non
1008 569 1078 630 satis
1101 588 1120 629 a
1141 569 1254 630 ratione

208 667 378 740 retinentur,
406 665 427 725 ii
460 666 524 727 sine
551 665 643 726 dubio
670 669 761 726 finem
788 678 818 727 et
844 668 969 727 modum
995 678 1154 728 transeunt.
1197 671 1254 730 Re

208 765 346 842 linquunt
371 764 452 825 enim
480 775 511 824 et
532 764 664 824 abiciunt
688 764 908 825 oboedientiam
930 784 986 826 nee
1011 764 1118 825 rationi
1141 777 1253 843 parent,
1283 788 1297 834 5

107 906 113 921 .
209 861 258 920 cui
284 871 353 920 sunt
379 858 503 920 subiecti
529 862 595 937 lege
621 872 761 920 naturae:
791 879 810 918 a
832 859 939 936 quibus
961 879 1024 920 non
1048 862 1140 920 modo
1163 860 1255 922 animi

209 959 422 1035 perturbantur,
445 957 609 1017 sedetiam
629 976 759 1034 corpora
801 955 886 1016 Licet
904 976 958 1016 ora
976 956 1041 1033 ipsa
1057 977 1180 1018 cernere
1200 958 1256 1017 ira·

209 1069 307 1116 torum
330 1068 382 1117 aut
403 1076 506 1116 eorum
530 1055 581 1132 qui
604 1066 656 1115 aut
676 1055 798 1115 libidine
818 1054 917 1130 aliqua
936 1067 987 1114 aut
1010 1067 1092 1116 metu
1112 1055 1255 1116 commoti

236 1167 284 1217 (Aa)
311 1167 421 1208 ruobert-
460 1160 529 1209 sunt
555 1160 606 1208 aut
639 1150 791 1226 voluptate
824 1148 916 1207 nimia
948 1149 1094 1225 gestiunt:
1129 1169 1255 1226 quorum

210 1217 423 1320 {32²3th
460 1247 595 1308 omnium
614 1248 722 1319 voltus,
734 1266 831 1319 roceo,
852 1258 951 1306 motus
970 1257 1123 1322 statusque
1142 1258 1255 1307 mutan·
1270 1267 1299 1302 ιο

234 1365 264 1417 (α)
283 1373 305 1407 2,
322 1366 423 1408 culam,
461 1349 515 1399 tur.
561 1359 626 1415 103.
670 1341 716 1398 Eat
736 1339 843 1414 quibus
864 1338 938 1399 illud
956 1338 1141 1417 intellegitur,
1163 1351 1196 1400 ut
1215 1342 1256 1400 ad

211 1426 369 1517 iflofflfflf
373 1417 424 1508 31⁰2
462 1434 550 1496 officii
564 1438 689 1495 formam
707 1446 892 1509 revertamur,
907 1435 1053 1512 appetitus
1070 1455 1174 1496 omnes
1187 1456 1257 1496 con-

211 1517 425 1619 ffiissgss'gffissssss
461 1531 620 1592 trahendos
638 1531 846 1607 sedandosque
859 1551 924 1591 esse
937 1531 1183 1608 excitandamque
1197 1532 1257 1592 ani-

211 1617 426 1718 ffifflssplffitffi
460 1627 697 1688 madversionem
724 1638 754 1686 et
778 1627 968 1704 diligentiam,
991 1639 1024 1688 ut
1051 1648 1090 1689 ne
1116 1629 1190 1704 quid
1216 1641 1257 1690 te-

212 1717 314 1769 R²³¹¹⁶¹l1
460 1744 542 1784 mere
562 1744 598 1783 ac
619 1723 748 1796 fortuito,
772 1723 989 1785 inconsiderate
1010 1726 1255 1804 neglegenterque
1270 1751 1298 1799 15

210 1837 340 1895 agamus.
383 1821 491 1897 Neque
517 1821 597 1881 enim
624 1821 665 1881 ita
691 1821 866 1899 generatia
892 1834 995 1883 natura
1021 1843 1130 1897 sumus,
1157 1834 1191 1884 ut
1216 1827 1256 1886 ad

211 1915 316 1974 ludum
339 1927 369 1976 et
390 1916 490 1977 iocum
513 1918 582 1977 sacti
606 1937 671 1978 esse
694 1917 854 1993 videamur,
885 1919 925 1978 ad
946 1918 1130 1979 severitatem
1156 1919 1256 1998 potius

206 2022 242 2072 *et
263 2012 304 2071 ad
327 2014 474 2088 quaedam
499 2014 597 2074 studia
617 2013 749 2092 graviora
771 2025 861 2090 atque
884 2014 1002 2074 maiora
1045 2017 1133 2076 Ludo
1156 2028 1256 2077 autem

210 2116 241 2167 et
267 2106 335 2167 ioco
362 2107 406 2168 uti
432 2108 483 2169 illo
506 2110 627 2186 quidem
651 2110 728 2183 licet,
753 2112 807 2170 sed
839 2110 915 2171 sicut
936 2130 1042 2171 somno
1061 2122 1091 2172 et
1107 2110 1256 2187 quietibus

209 2201 314 2262 ceteris
351 2213 422 2277 tum,
442 2224 512 2264 curn
538 2205 673 2284 gravibus
707 2206 847 2283 seriisque
874 2207 961 2266 rebus
988 2205 1057 2280 satis
1090 2207 1254 2268 fecerimus.
1268 2237 1299 2272 πο

211 2304 374 2380 Ipsumque
392 2322 485 2380 genus
502 2302 620 2375 iocandi
640 2322 701 2363 non
719 2306 872 2380 profusum
890 2323 946 2364 nec
962 2303 1183 2379 immodestum,
1202 2306 1256 2365 sed

209 2399 371 2477 ingenuum
385 2411 414 2460 et
428 2403 560 2460 facetum
571 2419 635 2460 esse
650 2400 749 2461 debet.
790 2403 834 2462 Ut
854 2401 934 2461 enim
947 2401 1045 2478 pueris
1059 2421 1120 2462 non
1134 2421 1255 2463 omnem

208 2497 334 2557 ludendi
355 2496 504 2556 licentiam
526 2497 640 2569 damus,
662 2499 716 2558 sed
738 2517 805 2557 eam
826 2517 903 2574 quae
924 2500 962 2559 ab
984 2499 1146 2560 honestatis
1166 2500 1256 2562 actio

210 2593 297 2653 nibus
320 2612 381 2655 non
407 2593 444 2653 sit
465 2592 570 2664 aliena,
594 2593 637 2653 sic
661 2593 691 2652 in
713 2594 778 2670 ipso
802 2594 870 2654 ioco
894 2595 1015 2673 aliquod
1036 2597 1122 2673 probi
1145 2597 1256 2676 ingenii

211 2705 287 2766 (quen
304 2705 322 2746 is
338 2706 422 2766 orutwo
460 2690 563 2749 lumen
597 2691 720 2749 eluceat.
779 2710 843 2763 104.
901 2693 1020 2767 Duplex
1053 2691 1176 2752 omnino
1211 2706 1255 2755 est
1267 2721 1297 2767 25

209 2755 422 2857 ilidii’oeiiuuism
459 2786 578 2848 iocandi
597 2807 708 2864 genus:
730 2808 823 2847 unum
842 2788 992 2849 inliberale
1018 2793 1162 2866 petulanS,
1177 2791 1255 2867 flagi·

210 2878 318 2940 tiosum
356 2882 528 2956 obscenum,
556 2884 681 2942 alterum
715 2886 833 2960 elegans
876 2886 1029 2958 urbanum,
1058 2886 1244 2963 ingeniosum

203 2977 346 3036 lacerum.
390 2979 459 3053 Quo
472 2997 579 3055 genere
593 2999 654 3040 non
668 2980 760 3039 modo
783 2981 903 3038 Plautus
924 2991 1023 3040 noster
1038 2992 1068 3040 et
1088 2981 1254 3041 Atticorum
1314 3055 1316 3058 Α

208 3071 329 3148 antiqua
356 3075 522 3150 comoedia,
550 3076 604 3135 sed
638 3075 727 3135 etiam
761 3075 1005 3151 philosophorum
1040 3076 1253 3151 Socraticorum

208 3167 274 3228 libri
307 3170 404 3230 referti
438 3184 514 3246 sunt,
548 3176 701 3252 multaque
735 3176 894 3234 multorum
919 3177 1015 3235 facete
1043 3175 1130 3248 dicta,
1158 3188 1191 3236 ut
1218 3196 1254 3237 ea
1266 3201 1298 3250 30

209 3285 284 3342 quae
306 3286 324 3326 a
345 3287 416 3329 sene
435 3271 550 3331 Catone
571 3274 696 3332 collecta
720 3284 796 3345 sunt,
819 3292 895 3350 quae
913 3285 1020 3333 vocant
1038 3270 1251 3354 ἀποφθέγματα,

209 3363 315 3424 Facilis
340 3363 426 3442 igitur
446 3378 490 3427 est
511 3367 661 3429 distinctio
685 3369 805 3446 ingenui
831 3380 861 3430 et
887 3369 1045 3430 inliberalis
1072 3369 1140 3430 ioci.
1170 3372 1255 3434 Alter

213 3469 265 3532 est,
279 3459 303 3521 si
315 3459 345 3520 in
359 3472 492 3538 tempore
503 3465 544 3535 fit,
554 3474 587 3522 ut
601 3462 624 3522 si
635 3465 758 3526 remisso
772 3466 881 3539 animo,
897 3489 996 3544 magno
1005 3469 1127 3529 homine
1137 3467 1252 3548 dignus,

210 3558 285 3618 alter
311 3576 349 3617 ne
375 3557 468 3617 libero
495 3558 625 3634 quidem,
648 3558 673 3618 si
691 3580 787 3621 rerum
815 3563 987 3640 turpitudini
1014 3565 1171 3627 adhibetur
1188 3587 1252 3628 ver·

258 3717 289 3765 23
306 3702 416 3753 honestis
427 3703 460 3752 H.
473 3711 558 3753 contra
567 3705 633 3755 ιοιίᾰ.
694 3708 704 3763 ΙΙ
772 3721 802 3769 33
820 3707 848 3756 fit
859 3714 901 3756 aut
912 3707 933 3756 si
944 3709 1045 3759 remisso
1056 3710 1147 3771 animo,
1162 3726 1252 3776 magno

210 3780 311 3834 homine
327 3784 416 3848 dignus
432 3784 542 3848 Madvig
557 3787 606 3843 Ba,
628 3785 663 3834 fit.
684 3793 711 3835 ut
730 3784 772 3850 (et)
790 3788 811 3836 si
827 3788 928 3837 remisso
945 3790 1028 3840 animo
1044 3792 1145 3842 homine
1161 3793 1251 3856 dignus

199 3863 289 3924 ,codd.;
304 3865 339 3926 fit,
357 3865 458 3916 remisso
470 3866 571 3915 homine
582 3867 671 3932 dignm
685 3869 722 3917 Or
734 3869 777 3929 Bc,
792 3869 827 3929 fit,
842 3876 869 3919 ut
881 3870 912 3920 sit
926 3873 1037 3923 remissio
1050 3874 1141 3936 animo,
1152 3875 1253 3945 homine
