<?xml version="1.0" encoding="UTF-8"?>
<!DOCTYPE html PUBLIC "-//W3C//DTD XHTML 1.0 Transitional//EN"
    "http://www.w3.org/TR/xhtml1/DTD/xhtml1-transitional.dtd">
<html xmlns="http://www.w3.org/1999/xhtml" xml:lang="en" lang="en">
 <head>
  <title>
</title>
<meta http-equiv="Content-Type" content="text/html;charset=utf-8" />
  <meta name='ocr-system' content='tesseract 3.04.00' />
  <meta name='ocr-capabilities' content='ocr_page ocr_carea ocr_par ocr_line ocrx_word'/>
</head>
<body>
  <div class='ocr_page' id='page_1' title='image "./mtciceronisdeof00cicegoog_0074.png"; bbox 0 0 2670 4296; ppageno 0'>
   <div class='ocr_carea' id='block_1_1' title="bbox 115 167 1162 284">
    <p class='ocr_par' dir='ltr' id='par_1_1' title="bbox 115 167 1162 284">
     <span class='ocr_line' id='line_1_1' title="bbox 115 167 1162 284; baseline 0 -22"><span class='ocrx_word' id='word_1_1' title='bbox 115 203 132 262; x_wconf 89' lang='lat' dir='ltr'>·l</span> <span class='ocrx_word' id='word_1_2' title='bbox 149 199 294 284; x_wconf 87' lang='lat' dir='ltr'>xvr1161]</span> <span class='ocrx_word' id='word_1_3' title='bbox 320 167 385 263; x_wconf 80' lang='lat' dir='ltr'>¹De</span> <span class='ocrx_word' id='word_1_4' title='bbox 402 204 483 263; x_wconf 77' lang='lat' dir='ltr'>tertio</span> <span class='ocrx_word' id='word_1_5' title='bbox 502 202 585 279; x_wconf 64' lang='lat' dir='ltr'>efficii</span> <span class='ocrx_word' id='word_1_6' title='bbox 594 202 677 279; x_wconf 80' lang='lat' dir='ltr'>sonte</span> <span class='ocrx_word' id='word_1_7' title='bbox 694 204 755 263; x_wconf 84' lang='lat' dir='ltr'>sive</span> <span class='ocrx_word' id='word_1_8' title='bbox 772 205 951 263; x_wconf 72' lang='lat' dir='ltr'>lurtitudine</span> <span class='ocrx_word' id='word_1_9' title='bbox 1126 197 1141 262; x_wconf 75' lang='lat' dir='ltr'>a</span> <span class='ocrx_word' id='word_1_10' title='bbox 1145 223 1162 281; x_wconf 83' lang='lat'>3</span> 
     </span>
    </p>
   </div>
   <div class='ocr_carea' id='block_1_2' title="bbox 1025 319 1164 330">
    <p class='ocr_par' dir='ltr' id='par_1_2' title="bbox 1025 319 1164 330">
     <span class='ocr_line' id='line_1_2' title="bbox 1025 319 1164 330; baseline -0.007 0"><span class='ocrx_word' id='word_1_11' title='bbox 1025 319 1164 330; x_wconf 57' lang='lat' dir='ltr'>——n</span> 
     </span>
    </p>
   </div>
   <div class='ocr_carea' id='block_1_3' title="bbox 10 373 1247 1803">
    <p class='ocr_par' dir='ltr' id='par_1_3' title="bbox 116 373 1165 738">
     <span class='ocr_line' id='line_1_3' title="bbox 142 373 1165 474; baseline 0.002 -42"><span class='ocrx_word' id='word_1_12' title='bbox 142 433 201 474; x_wconf 66' lang='lat' dir='ltr'>um</span> <span class='ocrx_word' id='word_1_13' title='bbox 213 446 272 474; x_wconf 53' lang='lat' dir='ltr'>come</span> <span class='ocrx_word' id='word_1_14' title='bbox 288 433 328 474; x_wconf 44' lang='lat' dir='ltr'>Pa·</span> <span class='ocrx_word' id='word_1_15' title='bbox 365 373 501 450; x_wconf 91' lang='lat' dir='ltr'>occupati</span> <span class='ocrx_word' id='word_1_16' title='bbox 523 385 552 434; x_wconf 91' lang='lat' dir='ltr'>et</span> <span class='ocrx_word' id='word_1_17' title='bbox 574 384 642 434; x_wconf 91' lang='lat' dir='ltr'>sunt</span> <span class='ocrx_word' id='word_1_18' title='bbox 669 385 699 434; x_wconf 90' lang='lat' dir='ltr'>et</span> <span class='ocrx_word' id='word_1_19' title='bbox 720 376 844 434; x_wconf 88' lang='lat' dir='ltr'>fuerunt.</span> <span class='ocrx_word' id='word_1_20' title='bbox 889 377 935 472; x_wconf 75' lang='lat'>58.</span> <span class='ocrx_word' id='word_1_21' title='bbox 971 374 1031 434; x_wconf 88' lang='lat' dir='ltr'>Sed</span> <span class='ocrx_word' id='word_1_22' title='bbox 1049 373 1074 433; x_wconf 95' lang='lat' dir='ltr'>si</span> <span class='ocrx_word' id='word_1_23' title='bbox 1095 393 1165 434; x_wconf 92' lang='lat' dir='ltr'>con·</span> 
     </span>
     <span class='ocr_line' id='line_1_4' title="bbox 117 468 1165 546; baseline 0.005 -23"><span class='ocrx_word' id='word_1_24' title='bbox 117 491 175 524; x_wconf 76' lang='lat' dir='ltr'>rents</span> <span class='ocrx_word' id='word_1_25' title='bbox 199 484 242 524; x_wconf 74' lang='lat' dir='ltr'>auu</span> <span class='ocrx_word' id='word_1_26' title='bbox 271 483 331 526; x_wconf 79' lang='lat' dir='ltr'>cur·</span> <span class='ocrx_word' id='word_1_27' title='bbox 365 469 458 528; x_wconf 90' lang='lat' dir='ltr'>tentio</span> <span class='ocrx_word' id='word_1_28' title='bbox 479 470 626 546; x_wconf 84' lang='lat' dir='ltr'>quaedam</span> <span class='ocrx_word' id='word_1_29' title='bbox 646 480 677 529; x_wconf 92' lang='lat' dir='ltr'>et</span> <span class='ocrx_word' id='word_1_30' title='bbox 696 468 876 545; x_wconf 90' lang='lat' dir='ltr'>comparatio</span> <span class='ocrx_word' id='word_1_31' title='bbox 897 471 955 542; x_wconf 91' lang='lat' dir='ltr'>fiat,</span> <span class='ocrx_word' id='word_1_32' title='bbox 971 469 1078 545; x_wconf 91' lang='lat' dir='ltr'>quibus</span> <span class='ocrx_word' id='word_1_33' title='bbox 1099 471 1165 546; x_wconf 92' lang='lat' dir='ltr'>plu·</span> 
     </span>
     <span class='ocr_line' id='line_1_5' title="bbox 117 533 1163 642; baseline 0.003 -20"><span class='ocrx_word' id='word_1_34' title='bbox 117 533 176 576; x_wconf 53' lang='grc' dir='ltr'>Μ’</span> <span class='ocrx_word' id='word_1_35' title='bbox 365 565 473 624; x_wconf 91' lang='lat' dir='ltr'>rimum</span> <span class='ocrx_word' id='word_1_36' title='bbox 506 565 695 625; x_wconf 91' lang='lat' dir='ltr'>tribuendum</span> <span class='ocrx_word' id='word_1_37' title='bbox 729 565 766 625; x_wconf 87' lang='lat' dir='ltr'>sit</span> <span class='ocrx_word' id='word_1_38' title='bbox 797 565 893 639; x_wconf 88' lang='lat' dir='ltr'>officii,</span> <span class='ocrx_word' id='word_1_39' title='bbox 922 565 1069 642; x_wconf 90' lang='lat' dir='ltr'><strong>principes</strong></span> <span class='ocrx_word' id='word_1_40' title='bbox 1103 564 1163 626; x_wconf 89' lang='lat' dir='ltr'>sint</span> 
     </span>
     <span class='ocr_line' id='line_1_6' title="bbox 116 659 1160 738; baseline 0.004 -19"><span class='ocrx_word' id='word_1_41' title='bbox 116 659 210 738; x_wconf 89' lang='lat' dir='ltr'>patria</span> <span class='ocrx_word' id='word_1_42' title='bbox 228 671 258 721; x_wconf 92' lang='lat' dir='ltr'>et</span> <span class='ocrx_word' id='word_1_43' title='bbox 274 672 418 737; x_wconf 90' lang='lat' dir='ltr'>parentes,</span> <span class='ocrx_word' id='word_1_44' title='bbox 440 680 567 737; x_wconf 91' lang='lat' dir='ltr'>quorum</span> <span class='ocrx_word' id='word_1_45' title='bbox 584 661 734 721; x_wconf 89' lang='lat' dir='ltr'>beneficiis</span> <span class='ocrx_word' id='word_1_46' title='bbox 753 660 888 720; x_wconf 89' lang='lat' dir='ltr'>maximis</span> <span class='ocrx_word' id='word_1_47' title='bbox 910 661 1029 738; x_wconf 81' lang='lat' dir='ltr'>obligati</span> <span class='ocrx_word' id='word_1_48' title='bbox 1050 681 1160 737; x_wconf 92' lang='lat' dir='ltr'>sumus,</span> 
     </span>
    </p>

    <p class='ocr_par' dir='ltr' id='par_1_4' title="bbox 64 757 1206 1511">
     <span class='ocr_line' id='line_1_7' title="bbox 64 757 1206 836; baseline 0.004 -20"><span class='ocrx_word' id='word_1_49' title='bbox 64 775 69 782; x_wconf 89' lang='lat'><strong>·</strong></span> <span class='ocrx_word' id='word_1_50' title='bbox 116 757 242 834; x_wconf 86' lang='lat' dir='ltr'><strong>proximi</strong></span> <span class='ocrx_word' id='word_1_51' title='bbox 255 757 342 819; x_wconf 90' lang='lat' dir='ltr'>liberi</span> <span class='ocrx_word' id='word_1_52' title='bbox 356 769 477 834; x_wconf 88' lang='lat' dir='ltr'>totaque</span> <span class='ocrx_word' id='word_1_53' title='bbox 491 759 608 832; x_wconf 91' lang='lat' dir='ltr'>domus,</span> <span class='ocrx_word' id='word_1_54' title='bbox 623 777 700 834; x_wconf 91' lang='lat' dir='ltr'>quae</span> <span class='ocrx_word' id='word_1_55' title='bbox 714 769 826 835; x_wconf 93' lang='lat' dir='ltr'>spectat</span> <span class='ocrx_word' id='word_1_56' title='bbox 846 758 878 818; x_wconf 95' lang='lat' dir='ltr'>in</span> <span class='ocrx_word' id='word_1_57' title='bbox 894 778 949 818; x_wconf 93' lang='lat' dir='ltr'>nos</span> <span class='ocrx_word' id='word_1_58' title='bbox 966 761 1045 818; x_wconf 92' lang='lat' dir='ltr'>solos</span> <span class='ocrx_word' id='word_1_59' title='bbox 1066 778 1163 836; x_wconf 89' lang='lat' dir='ltr'>neque</span> <span class='ocrx_word' id='word_1_60' title='bbox 1193 780 1206 827; x_wconf 85' lang='lat'><strong>5</strong></span> 
     </span>
     <span class='ocr_line' id='line_1_8' title="bbox 116 853 1164 932; baseline 0.003 -20"><span class='ocrx_word' id='word_1_61' title='bbox 116 853 197 913; x_wconf 89' lang='lat' dir='ltr'>aliud</span> <span class='ocrx_word' id='word_1_62' title='bbox 217 854 311 912; x_wconf 91' lang='lat' dir='ltr'>ullum</span> <span class='ocrx_word' id='word_1_63' title='bbox 331 865 429 931; x_wconf 90' lang='lat' dir='ltr'>potest</span> <span class='ocrx_word' id='word_1_64' title='bbox 449 855 557 914; x_wconf 92' lang='lat' dir='ltr'>habere</span> <span class='ocrx_word' id='word_1_65' title='bbox 577 855 752 932; x_wconf 87' lang='lat' dir='ltr'>perfugium,</span> <span class='ocrx_word' id='word_1_66' title='bbox 768 854 909 931; x_wconf 87' lang='lat' dir='ltr'><strong>deinceps</strong></span> <span class='ocrx_word' id='word_1_67' title='bbox 929 855 1006 915; x_wconf 93' lang='lat' dir='ltr'>bene</span> <span class='ocrx_word' id='word_1_68' title='bbox 1027 855 1164 916; x_wconf 89' lang='lat' dir='ltr'>conveni-</span> 
     </span>
     <span class='ocr_line' id='line_1_9' title="bbox 115 950 1163 1034; baseline 0.006 -25"><span class='ocrx_word' id='word_1_69' title='bbox 115 961 199 1010; x_wconf 90' lang='lat' dir='ltr'><strong>entes</strong></span> <span class='ocrx_word' id='word_1_70' title='bbox 213 950 378 1028; x_wconf 87' lang='lat' dir='ltr'>propinqui,</span> <span class='ocrx_word' id='word_1_71' title='bbox 389 951 566 1028; x_wconf 92' lang='lat' dir='ltr'>quibuscum</span> <span class='ocrx_word' id='word_1_72' title='bbox 580 953 746 1012; x_wconf 91' lang='lat' dir='ltr'>communis</span> <span class='ocrx_word' id='word_1_73' title='bbox 757 952 847 1013; x_wconf 91' lang='lat' dir='ltr'>etiam</span> <span class='ocrx_word' id='word_1_74' title='bbox 860 955 977 1012; x_wconf 86' lang='lat' dir='ltr'>fortuna</span> <span class='ocrx_word' id='word_1_75' title='bbox 990 954 1163 1034; x_wconf 90' lang='lat' dir='ltr'>plerumque</span> 
     </span>
     <span class='ocr_line' id='line_1_10' title="bbox 115 1038 1163 1127; baseline 0.005 -21"><span class='ocrx_word' id='word_1_76' title='bbox 115 1058 167 1107; x_wconf 84' lang='lat' dir='ltr'>est</span> <span class='ocrx_word' id='word_1_77' title='bbox 211 1048 311 1122; x_wconf 89' lang='lat' dir='ltr'>Quam</span> <span class='ocrx_word' id='word_1_78' title='bbox 339 1038 468 1108; x_wconf 84' lang='lat' dir='ltr'>obrem</span> <span class='ocrx_word' id='word_1_79' title='bbox 496 1049 659 1108; x_wconf 89' lang='lat' dir='ltr'>necessaria</span> <span class='ocrx_word' id='word_1_80' title='bbox 685 1049 831 1127; x_wconf 86' lang='lat' dir='ltr'>praesidia</span> <span class='ocrx_word' id='word_1_81' title='bbox 858 1048 934 1108; x_wconf 90' lang='lat' dir='ltr'>vitae</span> <span class='ocrx_word' id='word_1_82' title='bbox 959 1049 1105 1110; x_wconf 89' lang='lat' dir='ltr'><strong>debentur</strong></span> <span class='ocrx_word' id='word_1_83' title='bbox 1127 1050 1163 1111; x_wconf 91' lang='lat' dir='ltr'>iis</span> 
     </span>
     <span class='ocr_line' id='line_1_11' title="bbox 116 1143 1162 1222; baseline 0.001 -18"><span class='ocrx_word' id='word_1_84' title='bbox 116 1143 243 1222; x_wconf 86' lang='lat' dir='ltr'>maxime</span> <span class='ocrx_word' id='word_1_85' title='bbox 263 1165 338 1222; x_wconf 92' lang='lat' dir='ltr'>quos</span> <span class='ocrx_word' id='word_1_86' title='bbox 357 1157 425 1206; x_wconf 88' lang='lat' dir='ltr'>ante</span> <span class='ocrx_word' id='word_1_87' title='bbox 445 1144 514 1218; x_wconf 87' lang='lat' dir='ltr'>dixi,</span> <span class='ocrx_word' id='word_1_88' title='bbox 532 1145 592 1206; x_wconf 89' lang='lat' dir='ltr'>vita</span> <span class='ocrx_word' id='word_1_89' title='bbox 609 1158 709 1206; x_wconf 89' lang='lat' dir='ltr'>autem</span> <span class='ocrx_word' id='word_1_90' title='bbox 725 1145 879 1222; x_wconf 90' lang='lat' dir='ltr'>victusque</span> <span class='ocrx_word' id='word_1_91' title='bbox 899 1145 1074 1220; x_wconf 91' lang='lat' dir='ltr'>communis,</span> <span class='ocrx_word' id='word_1_92' title='bbox 1092 1166 1162 1206; x_wconf 92' lang='lat' dir='ltr'>con-</span> 
     </span>
     <span class='ocr_line' id='line_1_12' title="bbox 116 1241 1206 1316; baseline 0.001 -16"><span class='ocrx_word' id='word_1_93' title='bbox 116 1241 181 1301; x_wconf 87' lang='lat' dir='ltr'>silia</span> <span class='ocrx_word' id='word_1_94' title='bbox 208 1261 367 1316; x_wconf 88' lang='lat' dir='ltr'>sermones,</span> <span class='ocrx_word' id='word_1_95' title='bbox 396 1242 613 1303; x_wconf 89' lang='lat' dir='ltr'>cohortationes</span> <span class='ocrx_word' id='word_1_96' title='bbox 642 1242 868 1315; x_wconf 85' lang='lat' dir='ltr'>consolationes,</span> <span class='ocrx_word' id='word_1_97' title='bbox 897 1241 1046 1301; x_wconf 91' lang='lat' dir='ltr'>interdum</span> <span class='ocrx_word' id='word_1_98' title='bbox 1073 1241 1162 1301; x_wconf 87' lang='lat' dir='ltr'>etiam</span> <span class='ocrx_word' id='word_1_99' title='bbox 1178 1267 1206 1301; x_wconf 82' lang='grc' dir='ltr'>ιο</span> 
     </span>
     <span class='ocr_line' id='line_1_13' title="bbox 116 1337 1163 1418; baseline 0 -19"><span class='ocrx_word' id='word_1_100' title='bbox 116 1338 333 1417; x_wconf 89' lang='lat' dir='ltr'>obiurgationes</span> <span class='ocrx_word' id='word_1_101' title='bbox 354 1340 384 1399; x_wconf 87' lang='lat' dir='ltr'>in</span> <span class='ocrx_word' id='word_1_102' title='bbox 405 1340 540 1400; x_wconf 91' lang='lat' dir='ltr'>amicitiis</span> <span class='ocrx_word' id='word_1_103' title='bbox 560 1340 659 1418; x_wconf 91' lang='lat' dir='ltr'>vigent</span> <span class='ocrx_word' id='word_1_104' title='bbox 680 1339 816 1413; x_wconf 86' lang='lat' dir='ltr'>maxime,</span> <span class='ocrx_word' id='word_1_105' title='bbox 835 1352 940 1416; x_wconf 91' lang='lat' dir='ltr'>estque</span> <span class='ocrx_word' id='word_1_106' title='bbox 960 1357 996 1399; x_wconf 89' lang='lat' dir='ltr'>ea</span> <span class='ocrx_word' id='word_1_107' title='bbox 1015 1337 1163 1399; x_wconf 91' lang='lat' dir='ltr'>iucundis·</span> 
     </span>
     <span class='ocr_line' id='line_1_14' title="bbox 116 1432 931 1511; baseline 0 -19"><span class='ocrx_word' id='word_1_108' title='bbox 116 1432 191 1492; x_wconf 90' lang='lat' dir='ltr'>sima</span> <span class='ocrx_word' id='word_1_109' title='bbox 204 1433 334 1493; x_wconf 88' lang='lat' dir='ltr'>amicitia</span> <span class='ocrx_word' id='word_1_110' title='bbox 347 1454 437 1510; x_wconf 90' lang='lat' dir='ltr'>quam</span> <span class='ocrx_word' id='word_1_111' title='bbox 451 1434 612 1495; x_wconf 89' lang='lat' dir='ltr'>similitudo</span> <span class='ocrx_word' id='word_1_112' title='bbox 627 1454 743 1494; x_wconf 90' lang='lat' dir='ltr'>morum</span> <span class='ocrx_word' id='word_1_113' title='bbox 757 1433 931 1511; x_wconf 90' lang='lat' dir='ltr'>coniugavit.</span> 
     </span>
    </p>

    <p class='ocr_par' dir='ltr' id='par_1_5' title="bbox 10 1527 1247 1803">
     <span class='ocr_line' id='line_1_15' title="bbox 10 1527 1161 1609; baseline -0.003 -18"><span class='ocrx_word' id='word_1_114' title='bbox 10 1555 102 1605; x_wconf 75' lang='lat' dir='ltr'>xpm</span> <span class='ocrx_word' id='word_1_115' title='bbox 424 1550 471 1609; x_wconf 85' lang='lat'>59.</span> <span class='ocrx_word' id='word_1_116' title='bbox 515 1533 575 1592; x_wconf 91' lang='lat' dir='ltr'>Sed</span> <span class='ocrx_word' id='word_1_117' title='bbox 595 1531 625 1590; x_wconf 91' lang='lat' dir='ltr'>in</span> <span class='ocrx_word' id='word_1_118' title='bbox 645 1531 691 1591; x_wconf 89' lang='lat' dir='ltr'>his</span> <span class='ocrx_word' id='word_1_119' title='bbox 712 1531 850 1591; x_wconf 92' lang='lat' dir='ltr'>omnibus</span> <span class='ocrx_word' id='word_1_120' title='bbox 875 1527 977 1590; x_wconf 87' lang='lat' dir='ltr'>officiis</span> <span class='ocrx_word' id='word_1_121' title='bbox 998 1527 1161 1588; x_wconf 88' lang='lat' dir='ltr'>tribuendis</span> 
     </span>
     <span class='ocr_line' id='line_1_16' title="bbox 141 1624 1162 1704; baseline -0.011 -10"><span class='ocrx_word' id='word_1_122' title='bbox 141 1641 327 1702; x_wconf 65' lang='lat' dir='ltr'>axoepeonncn.</span> <span class='ocrx_word' id='word_1_123' title='bbox 365 1627 528 1689; x_wconf 91' lang='lat' dir='ltr'>videndum</span> <span class='ocrx_word' id='word_1_124' title='bbox 546 1628 608 1701; x_wconf 90' lang='lat' dir='ltr'>erit,</span> <span class='ocrx_word' id='word_1_125' title='bbox 624 1628 697 1704; x_wconf 92' lang='lat' dir='ltr'>quid</span> <span class='ocrx_word' id='word_1_126' title='bbox 715 1627 822 1704; x_wconf 93' lang='lat' dir='ltr'>cuique</span> <span class='ocrx_word' id='word_1_127' title='bbox 844 1625 971 1686; x_wconf 85' lang='lat' dir='ltr'>maxime</span> <span class='ocrx_word' id='word_1_128' title='bbox 990 1643 1110 1684; x_wconf 91' lang='lat' dir='ltr'>necesse</span> <span class='ocrx_word' id='word_1_129' title='bbox 1124 1624 1162 1684; x_wconf 93' lang='lat' dir='ltr'>sit</span> 
     </span>
     <span class='ocr_line' id='line_1_17' title="bbox 115 1693 1247 1803; baseline -0.003 -20"><span class='ocrx_word' id='word_1_130' title='bbox 115 1693 328 1783; x_wconf 49' lang='lat' dir='ltr'>millib?</span> <span class='ocrx_word' id='word_1_131' title='bbox 366 1735 396 1784; x_wconf 93' lang='lat' dir='ltr'>et</span> <span class='ocrx_word' id='word_1_132' title='bbox 417 1723 489 1800; x_wconf 92' lang='lat' dir='ltr'>quid</span> <span class='ocrx_word' id='word_1_133' title='bbox 510 1723 634 1803; x_wconf 85' lang='lat' dir='ltr'>quisque</span> <span class='ocrx_word' id='word_1_134' title='bbox 655 1725 702 1783; x_wconf 91' lang='lat' dir='ltr'>vel</span> <span class='ocrx_word' id='word_1_135' title='bbox 722 1723 785 1783; x_wconf 92' lang='lat' dir='ltr'>sine</span> <span class='ocrx_word' id='word_1_136' title='bbox 806 1724 891 1783; x_wconf 90' lang='lat' dir='ltr'>nobis</span> <span class='ocrx_word' id='word_1_137' title='bbox 911 1735 962 1784; x_wconf 90' lang='lat' dir='ltr'>aut</span> <span class='ocrx_word' id='word_1_138' title='bbox 982 1724 1075 1802; x_wconf 91' lang='lat' dir='ltr'>possit</span> <span class='ocrx_word' id='word_1_139' title='bbox 1092 1744 1162 1784; x_wconf 90' lang='lat' dir='ltr'>con·</span> <span class='ocrx_word' id='word_1_140' title='bbox 1177 1746 1203 1794; x_wconf 85' lang='lat'>15</span> <span class='ocrx_word' id='word_1_141' title='bbox 1245 1792 1247 1796; x_wconf 13' lang='lat' dir='ltr'>y</span> 
     </span>
    </p>
   </div>
   <div class='ocr_carea' id='block_1_4' title="bbox 115 1792 1161 1897">
    <p class='ocr_par' dir='ltr' id='par_1_6' title="bbox 115 1792 1161 1897">
     <span class='ocr_line' id='line_1_18' title="bbox 115 1792 970 1842; baseline -0.002 -9"><span class='ocrx_word' id='word_1_142' title='bbox 115 1792 329 1842; x_wconf 76' lang='lat' dir='ltr'>aliry-whichmalce</span> <span class='ocrx_word' id='word_1_143' title='bbox 442 1820 448 1831; x_wconf 84' lang='lat'>.</span> <span class='ocrx_word' id='word_1_144' title='bbox 714 1818 720 1830; x_wconf 88' lang='lat'><em>.</em></span> <span class='ocrx_word' id='word_1_145' title='bbox 964 1819 970 1831; x_wconf 91' lang='lat'><strong>.</strong></span> 
     </span>
     <span class='ocr_line' id='line_1_19' title="bbox 115 1821 1161 1897; baseline -0.001 -14"><span class='ocrx_word' id='word_1_146' title='bbox 115 1856 173 1883; x_wconf 86' lang='lat' dir='ltr'>some</span> <span class='ocrx_word' id='word_1_147' title='bbox 187 1844 256 1883; x_wconf 88' lang='lat' dir='ltr'>duties</span> <span class='ocrx_word' id='word_1_148' title='bbox 270 1855 328 1883; x_wconf 88' lang='lat' dir='ltr'>more</span> <span class='ocrx_word' id='word_1_149' title='bbox 366 1838 450 1895; x_wconf 70' lang='lat' dir='ltr'>88qu</span> <span class='ocrx_word' id='word_1_150' title='bbox 476 1831 527 1880; x_wconf 85' lang='lat' dir='ltr'>aut</span> <span class='ocrx_word' id='word_1_151' title='bbox 554 1839 616 1879; x_wconf 92' lang='lat' dir='ltr'>non</span> <span class='ocrx_word' id='word_1_152' title='bbox 642 1831 743 1897; x_wconf 76' lang='lat' dir='ltr'>POSSlt.</span> <span class='ocrx_word' id='word_1_153' title='bbox 799 1822 847 1878; x_wconf 79' lang='lat' dir='ltr'>lia</span> <span class='ocrx_word' id='word_1_154' title='bbox 873 1838 934 1879; x_wconf 91' lang='lat' dir='ltr'>non</span> <span class='ocrx_word' id='word_1_155' title='bbox 961 1821 1043 1880; x_wconf 81' lang='lat' dir='ltr'>Idem</span> <span class='ocrx_word' id='word_1_156' title='bbox 1076 1832 1161 1882; x_wconf 71' lang='lat' dir='ltr'>esunt</span> 
     </span>
    </p>
   </div>
   <div class='ocr_carea' id='block_1_5' title="bbox 104 1893 1221 3062">
    <p class='ocr_par' dir='ltr' id='par_1_7' title="bbox 115 1893 1161 1993">
     <span class='ocr_line' id='line_1_20' title="bbox 115 1893 1161 1993; baseline 0.004 -20"><span class='ocrx_word' id='word_1_157' title='bbox 115 1893 234 1984; x_wconf 52' lang='lat' dir='ltr'>gfflssgssffl</span> <span class='ocrx_word' id='word_1_158' title='bbox 276 1893 326 1933; x_wconf 49' lang='grc' dir='ltr'>ιω</span> <span class='ocrx_word' id='word_1_159' title='bbox 365 1916 617 1976; x_wconf 92' lang='lat' dir='ltr'>necessitudinum</span> <span class='ocrx_word' id='word_1_160' title='bbox 636 1917 743 1993; x_wconf 89' lang='lat' dir='ltr'>gradus</span> <span class='ocrx_word' id='word_1_161' title='bbox 764 1915 814 1992; x_wconf 91' lang='lat' dir='ltr'>qui</span> <span class='ocrx_word' id='word_1_162' title='bbox 836 1926 1011 1992; x_wconf 89' lang='lat' dir='ltr'>temporum,</span> <span class='ocrx_word' id='word_1_163' title='bbox 1033 1927 1161 1992; x_wconf 91' lang='lat' dir='ltr'>suntque</span> 
     </span>
    </p>

    <p class='ocr_par' dir='ltr' id='par_1_8' title="bbox 104 2010 1221 3062">
     <span class='ocr_line' id='line_1_21' title="bbox 318 2010 1221 2089; baseline 0 -19"><span class='ocrx_word' id='word_1_164' title='bbox 318 2032 322 2041; x_wconf 68' lang='lat'>¹</span> <span class='ocrx_word' id='word_1_165' title='bbox 363 2011 459 2071; x_wconf 92' lang='lat' dir='ltr'>officia</span> <span class='ocrx_word' id='word_1_166' title='bbox 486 2032 562 2088; x_wconf 89' lang='lat' dir='ltr'>quae</span> <span class='ocrx_word' id='word_1_167' title='bbox 589 2012 653 2072; x_wconf 88' lang='lat' dir='ltr'>aliis</span> <span class='ocrx_word' id='word_1_168' title='bbox 677 2011 768 2089; x_wconf 91' lang='lat' dir='ltr'>magis</span> <span class='ocrx_word' id='word_1_169' title='bbox 790 2031 880 2088; x_wconf 91' lang='lat' dir='ltr'>quam</span> <span class='ocrx_word' id='word_1_170' title='bbox 902 2010 965 2070; x_wconf 84' lang='lat' dir='ltr'>aliis</span> <span class='ocrx_word' id='word_1_171' title='bbox 989 2012 1159 2086; x_wconf 86' lang='lat' dir='ltr'>debeantur,</span> <span class='ocrx_word' id='word_1_172' title='bbox 1219 2045 1221 2052; x_wconf 41' lang='grc' dir='ltr'><em>ν</em></span> 
     </span>
     <span class='ocr_line' id='line_1_22' title="bbox 115 2105 1160 2184; baseline -0.001 -17"><span class='ocrx_word' id='word_1_173' title='bbox 115 2117 149 2168; x_wconf 86' lang='lat' dir='ltr'>ut</span> <span class='ocrx_word' id='word_1_174' title='bbox 161 2105 291 2166; x_wconf 89' lang='lat' dir='ltr'>vicinum</span> <span class='ocrx_word' id='word_1_175' title='bbox 310 2105 396 2165; x_wconf 94' lang='lat' dir='ltr'>citius</span> <span class='ocrx_word' id='word_1_176' title='bbox 413 2106 559 2168; x_wconf 90' lang='lat' dir='ltr'>adiuveris</span> <span class='ocrx_word' id='word_1_177' title='bbox 577 2108 608 2168; x_wconf 92' lang='lat' dir='ltr'>in</span> <span class='ocrx_word' id='word_1_178' title='bbox 627 2108 768 2168; x_wconf 87' lang='lat' dir='ltr'>fructibus</span> <span class='ocrx_word' id='word_1_179' title='bbox 784 2105 980 2184; x_wconf 89' lang='lat' dir='ltr'>percipiendis</span> <span class='ocrx_word' id='word_1_180' title='bbox 999 2126 1090 2183; x_wconf 89' lang='lat' dir='ltr'>quarn</span> <span class='ocrx_word' id='word_1_181' title='bbox 1110 2117 1160 2167; x_wconf 93' lang='lat' dir='ltr'>aut</span> 
     </span>
     <span class='ocr_line' id='line_1_23' title="bbox 115 2201 1205 2278; baseline 0.002 -17"><span class='ocrx_word' id='word_1_182' title='bbox 115 2205 231 2261; x_wconf 87' lang='lat' dir='ltr'>fratrem</span> <span class='ocrx_word' id='word_1_183' title='bbox 254 2212 304 2259; x_wconf 91' lang='lat' dir='ltr'>aut</span> <span class='ocrx_word' id='word_1_184' title='bbox 326 2201 497 2261; x_wconf 82' lang='lat' dir='ltr'>familiarem</span> <span class='ocrx_word' id='word_1_185' title='bbox 508 2222 517 2276; x_wconf 90' lang='lat'>;</span> <span class='ocrx_word' id='word_1_186' title='bbox 544 2214 574 2262; x_wconf 92' lang='lat' dir='ltr'>at</span> <span class='ocrx_word' id='word_1_187' title='bbox 598 2202 623 2262; x_wconf 93' lang='lat' dir='ltr'>si</span> <span class='ocrx_word' id='word_1_188' title='bbox 646 2202 681 2261; x_wconf 93' lang='lat' dir='ltr'>lis</span> <span class='ocrx_word' id='word_1_189' title='bbox 705 2202 736 2261; x_wconf 94' lang='lat' dir='ltr'>in</span> <span class='ocrx_word' id='word_1_190' title='bbox 760 2201 869 2260; x_wconf 92' lang='lat' dir='ltr'>iudicio</span> <span class='ocrx_word' id='word_1_191' title='bbox 894 2201 938 2274; x_wconf 94' lang='lat' dir='ltr'>sit,</span> <span class='ocrx_word' id='word_1_192' title='bbox 962 2201 1160 2278; x_wconf 91' lang='lat' dir='ltr'>propinquum</span> <span class='ocrx_word' id='word_1_193' title='bbox 1173 2229 1205 2263; x_wconf 81' lang='lat'>20</span> 
     </span>
     <span class='ocr_line' id='line_1_24' title="bbox 114 2296 1160 2375; baseline 0.001 -17"><span class='ocrx_word' id='word_1_194' title='bbox 114 2297 213 2374; x_wconf 86' lang='lat' dir='ltr'>potius</span> <span class='ocrx_word' id='word_1_195' title='bbox 237 2308 267 2356; x_wconf 91' lang='lat' dir='ltr'>et</span> <span class='ocrx_word' id='word_1_196' title='bbox 286 2297 415 2356; x_wconf 89' lang='lat' dir='ltr'>amicum</span> <span class='ocrx_word' id='word_1_197' title='bbox 436 2318 526 2375; x_wconf 90' lang='lat' dir='ltr'>quam</span> <span class='ocrx_word' id='word_1_198' title='bbox 545 2299 676 2359; x_wconf 88' lang='lat' dir='ltr'>vicinum</span> <span class='ocrx_word' id='word_1_199' title='bbox 698 2298 871 2358; x_wconf 87' lang='lat' dir='ltr'>defenderis.</span> <span class='ocrx_word' id='word_1_200' title='bbox 914 2299 1001 2357; x_wconf 89' lang='lat' dir='ltr'>Haec</span> <span class='ocrx_word' id='word_1_201' title='bbox 1021 2296 1107 2374; x_wconf 89' lang='lat' dir='ltr'>igitur</span> <span class='ocrx_word' id='word_1_202' title='bbox 1130 2309 1160 2359; x_wconf 93' lang='lat' dir='ltr'>et</span> 
     </span>
     <span class='ocr_line' id='line_1_25' title="bbox 114 2391 1161 2468; baseline 0.001 -16"><span class='ocrx_word' id='word_1_203' title='bbox 114 2391 185 2452; x_wconf 91' lang='lat' dir='ltr'>talia</span> <span class='ocrx_word' id='word_1_204' title='bbox 198 2391 461 2468; x_wconf 88' lang='lat' dir='ltr'>circumspicienda</span> <span class='ocrx_word' id='word_1_205' title='bbox 475 2405 543 2454; x_wconf 92' lang='lat' dir='ltr'>sunt</span> <span class='ocrx_word' id='word_1_206' title='bbox 556 2394 588 2453; x_wconf 93' lang='lat' dir='ltr'>in</span> <span class='ocrx_word' id='word_1_207' title='bbox 606 2394 687 2454; x_wconf 90' lang='lat' dir='ltr'>omni</span> <span class='ocrx_word' id='word_1_208' title='bbox 708 2394 806 2454; x_wconf 88' lang='lat' dir='ltr'>officio</span> <span class='ocrx_word' id='word_1_209' title='bbox 825 2404 854 2454; x_wconf 93' lang='lat' dir='ltr'>et</span> <span class='ocrx_word' id='word_1_210' title='bbox 875 2394 1062 2453; x_wconf 92' lang='lat' dir='ltr'>consuetudo</span> <span class='ocrx_word' id='word_1_211' title='bbox 1081 2412 1161 2455; x_wconf 89' lang='lat' dir='ltr'>exer·</span> 
     </span>
     <span class='ocr_line' id='line_1_26' title="bbox 104 2487 1159 2565; baseline 0.003 -18"><span class='ocrx_word' id='word_1_212' title='bbox 104 2487 274 2564; x_wconf 78' lang='lat' dir='ltr'>&#39;citatioque</span> <span class='ocrx_word' id='word_1_213' title='bbox 301 2488 453 2565; x_wconf 86' lang='lat' dir='ltr'>capienda,</span> <span class='ocrx_word' id='word_1_214' title='bbox 482 2502 515 2551; x_wconf 91' lang='lat' dir='ltr'>ut</span> <span class='ocrx_word' id='word_1_215' title='bbox 542 2491 614 2551; x_wconf 94' lang='lat' dir='ltr'>boni</span> <span class='ocrx_word' id='word_1_216' title='bbox 647 2490 866 2550; x_wconf 89' lang='lat' dir='ltr'>ratiocinatores</span> <span class='ocrx_word' id='word_1_217' title='bbox 900 2488 1063 2549; x_wconf 88' lang='lat' dir='ltr'>officiorum</span> <span class='ocrx_word' id='word_1_218' title='bbox 1094 2509 1159 2550; x_wconf 90' lang='lat' dir='ltr'>esse</span> 
     </span>
     <span class='ocr_line' id='line_1_27' title="bbox 114 2585 1159 2664; baseline 0.001 -20"><span class='ocrx_word' id='word_1_219' title='bbox 114 2585 262 2663; x_wconf 92' lang='lat' dir='ltr'>possimus</span> <span class='ocrx_word' id='word_1_220' title='bbox 296 2596 326 2645; x_wconf 89' lang='lat' dir='ltr'>et</span> <span class='ocrx_word' id='word_1_221' title='bbox 360 2588 500 2649; x_wconf 88' lang='lat' dir='ltr'>addendo</span> <span class='ocrx_word' id='word_1_222' title='bbox 535 2589 772 2664; x_wconf 91' lang='lat' dir='ltr'>deducendoque</span> <span class='ocrx_word' id='word_1_223' title='bbox 806 2587 915 2658; x_wconf 89' lang='lat' dir='ltr'>videre,</span> <span class='ocrx_word' id='word_1_224' title='bbox 943 2605 1020 2662; x_wconf 89' lang='lat' dir='ltr'>quae</span> <span class='ocrx_word' id='word_1_225' title='bbox 1054 2585 1159 2662; x_wconf 90' lang='lat' dir='ltr'>reliqui</span> 
     </span>
     <span class='ocr_line' id='line_1_28' title="bbox 115 2684 1202 2765; baseline -0.004 -18"><span class='ocrx_word' id='word_1_226' title='bbox 115 2707 231 2747; x_wconf 89' lang='lat' dir='ltr'>summa</span> <span class='ocrx_word' id='word_1_227' title='bbox 263 2688 322 2760; x_wconf 87' lang='lat' dir='ltr'>fiat,</span> <span class='ocrx_word' id='word_1_228' title='bbox 358 2705 395 2746; x_wconf 91' lang='lat' dir='ltr'>ex</span> <span class='ocrx_word' id='word_1_229' title='bbox 429 2708 489 2765; x_wconf 94' lang='lat' dir='ltr'>quo</span> <span class='ocrx_word' id='word_1_230' title='bbox 523 2701 667 2765; x_wconf 89' lang='lat' dir='ltr'>quantum</span> <span class='ocrx_word' id='word_1_231' title='bbox 695 2688 802 2764; x_wconf 89' lang='lat' dir='ltr'>cuique</span> <span class='ocrx_word' id='word_1_232' title='bbox 829 2687 971 2746; x_wconf 87' lang='lat' dir='ltr'>debeatur</span> <span class='ocrx_word' id='word_1_233' title='bbox 998 2684 1157 2761; x_wconf 84' lang='lat' dir='ltr'>intellegas</span> <span class='ocrx_word' id='word_1_234' title='bbox 1172 2706 1202 2756; x_wconf 79' lang='lat'>25</span> 
     </span>
     <span class='ocr_line' id='line_1_29' title="bbox 115 2780 1159 2862; baseline -0.005 -17"><span class='ocrx_word' id='word_1_235' title='bbox 115 2789 163 2845; x_wconf 90' lang='lat'>60.</span> <span class='ocrx_word' id='word_1_236' title='bbox 198 2785 266 2858; x_wconf 90' lang='lat' dir='ltr'>Sed,</span> <span class='ocrx_word' id='word_1_237' title='bbox 281 2796 314 2843; x_wconf 94' lang='lat' dir='ltr'>ut</span> <span class='ocrx_word' id='word_1_238' title='bbox 328 2803 384 2843; x_wconf 91' lang='lat' dir='ltr'>nec</span> <span class='ocrx_word' id='word_1_239' title='bbox 398 2785 507 2846; x_wconf 89' lang='lat' dir='ltr'>medici</span> <span class='ocrx_word' id='word_1_240' title='bbox 521 2806 577 2847; x_wconf 92' lang='lat' dir='ltr'>nec</span> <span class='ocrx_word' id='word_1_241' title='bbox 597 2785 785 2862; x_wconf 90' lang='lat' dir='ltr'>imperatores</span> <span class='ocrx_word' id='word_1_242' title='bbox 803 2804 859 2844; x_wconf 92' lang='lat' dir='ltr'>nec</span> <span class='ocrx_word' id='word_1_243' title='bbox 872 2795 1009 2856; x_wconf 88' lang='lat' dir='ltr'>oratores,</span> <span class='ocrx_word' id='word_1_244' title='bbox 1025 2780 1159 2858; x_wconf 88' lang='lat' dir='ltr'>quamvis</span> 
     </span>
     <span class='ocr_line' id='line_1_30' title="bbox 130 2882 1159 2987; baseline -0.007 -43"><span class='ocrx_word' id='word_1_245' title='bbox 130 2927 325 2980; x_wconf 50' lang='lat' dir='ltr'>Rulessignisybu,</span> <span class='ocrx_word' id='word_1_246' title='bbox 362 2885 431 2944; x_wconf 90' lang='lat' dir='ltr'>artis</span> <span class='ocrx_word' id='word_1_247' title='bbox 457 2897 613 2962; x_wconf 89' lang='lat' dir='ltr'>praecepta</span> <span class='ocrx_word' id='word_1_248' title='bbox 639 2883 830 2961; x_wconf 81' lang='lat' dir='ltr'>perceperint,</span> <span class='ocrx_word' id='word_1_249' title='bbox 859 2882 1019 2958; x_wconf 90' lang='lat' dir='ltr'>quicquam</span> <span class='ocrx_word' id='word_1_250' title='bbox 1052 2898 1159 2987; x_wconf 76' lang='lat' dir='ltr'>magna</span> 
     </span>
     <span class='ocr_line' id='line_1_31' title="bbox 112 2978 1159 3062; baseline -0.005 -20"><span class='ocrx_word' id='word_1_251' title='bbox 112 2978 168 3019; x_wconf 67' lang='lat'><strong>¹¹¹²¹²</strong></span> <span class='ocrx_word' id='word_1_252' title='bbox 201 2979 222 3019; x_wconf 72' lang='lat'>³¹¹</span> <span class='ocrx_word' id='word_1_253' title='bbox 257 2980 324 3019; x_wconf 57' lang='grc' dir='ltr'>Μ·</span> <span class='ocrx_word' id='word_1_254' title='bbox 362 2985 450 3044; x_wconf 90' lang='lat' dir='ltr'>laude</span> <span class='ocrx_word' id='word_1_255' title='bbox 465 2984 586 3062; x_wconf 92' lang='lat' dir='ltr'>dignum</span> <span class='ocrx_word' id='word_1_256' title='bbox 601 2983 663 3043; x_wconf 90' lang='lat' dir='ltr'>sine</span> <span class='ocrx_word' id='word_1_257' title='bbox 677 3002 733 3042; x_wconf 93' lang='lat' dir='ltr'>usu</span> <span class='ocrx_word' id='word_1_258' title='bbox 750 2991 780 3056; x_wconf 89' lang='lat' dir='ltr'>et</span> <span class='ocrx_word' id='word_1_259' title='bbox 793 2979 1001 3060; x_wconf 84' lang='lat' dir='ltr'>exercitatione</span> <span class='ocrx_word' id='word_1_260' title='bbox 1015 2995 1159 3053; x_wconf 85' lang='lat' dir='ltr'>consequl</span> 
     </span>
    </p>
   </div>
   <div class='ocr_carea' id='block_1_6' title="bbox 112 3029 1187 3163">
    <p class='ocr_par' dir='ltr' id='par_1_9' title="bbox 112 3029 1187 3163">
     <span class='ocr_line' id='line_1_32' title="bbox 137 3029 325 3068; baseline 0.005 0"><span class='ocrx_word' id='word_1_261' title='bbox 137 3030 158 3068; x_wconf 87' lang='lat' dir='ltr'>lv</span> <span class='ocrx_word' id='word_1_262' title='bbox 227 3029 233 3068; x_wconf 97' lang='lat' dir='ltr'>l</span> <span class='ocrx_word' id='word_1_263' title='bbox 316 3048 325 3060; x_wconf 90' lang='lat'><em>-</em></span> 
     </span>
     <span class='ocr_line' id='line_1_33' title="bbox 112 3042 1187 3163; baseline -0.006 -24"><span class='ocrx_word' id='word_1_264' title='bbox 112 3043 172 3139; x_wconf 56' lang='lat' dir='ltr'>ime</span> <span class='ocrx_word' id='word_1_265' title='bbox 197 3042 324 3131; x_wconf 42' lang='lat' dir='ltr'>uitem·</span> <span class='ocrx_word' id='word_1_266' title='bbox 362 3093 493 3158; x_wconf 92' lang='lat' dir='ltr'>possunt,</span> <span class='ocrx_word' id='word_1_267' title='bbox 516 3080 558 3140; x_wconf 91' lang='lat' dir='ltr'>sic</span> <span class='ocrx_word' id='word_1_268' title='bbox 580 3079 668 3139; x_wconf 88' lang='lat' dir='ltr'>officii</span> <span class='ocrx_word' id='word_1_269' title='bbox 695 3077 890 3139; x_wconf 90' lang='lat' dir='ltr'>conservandi</span> <span class='ocrx_word' id='word_1_270' title='bbox 917 3086 1074 3155; x_wconf 88' lang='lat' dir='ltr'>praecepta</span> <span class='ocrx_word' id='word_1_271' title='bbox 1101 3085 1156 3160; x_wconf 86' lang='lat' dir='ltr'>tra·</span> <span class='ocrx_word' id='word_1_272' title='bbox 1184 3158 1187 3163; x_wconf 22' lang='grc' dir='ltr'>Ι</span> 
     </span>
    </p>
   </div>
   <div class='ocr_carea' id='block_1_7' title="bbox 110 3139 1202 3622">
    <p class='ocr_par' dir='ltr' id='par_1_10' title="bbox 110 3139 1202 3622">
     <span class='ocr_line' id='line_1_34' title="bbox 112 3139 1202 3250; baseline -0.012 -10"><span class='ocrx_word' id='word_1_273' title='bbox 112 3139 160 3171; x_wconf 68' lang='lat' dir='ltr'>noe</span> <span class='ocrx_word' id='word_1_274' title='bbox 268 3166 292 3188; x_wconf 63' lang='lat'><em>⁸</em></span> <span class='ocrx_word' id='word_1_275' title='bbox 359 3179 469 3237; x_wconf 92' lang='lat' dir='ltr'>duntur</span> <span class='ocrx_word' id='word_1_276' title='bbox 495 3175 545 3234; x_wconf 89' lang='lat' dir='ltr'>illa</span> <span class='ocrx_word' id='word_1_277' title='bbox 571 3173 702 3250; x_wconf 92' lang='lat' dir='ltr'>quidem,</span> <span class='ocrx_word' id='word_1_278' title='bbox 731 3183 765 3233; x_wconf 93' lang='lat' dir='ltr'>ut</span> <span class='ocrx_word' id='word_1_279' title='bbox 791 3173 915 3232; x_wconf 82' lang='lat' dir='ltr'>facimus</span> <span class='ocrx_word' id='word_1_280' title='bbox 942 3170 1006 3249; x_wconf 92' lang='lat' dir='ltr'>ipsi,</span> <span class='ocrx_word' id='word_1_281' title='bbox 1035 3170 1088 3229; x_wconf 90' lang='lat' dir='ltr'>sed</span> <span class='ocrx_word' id='word_1_282' title='bbox 1115 3168 1158 3229; x_wconf 89' lang='lat' dir='ltr'>rei</span> <span class='ocrx_word' id='word_1_283' title='bbox 1171 3190 1202 3239; x_wconf 83' lang='lat'>30</span> 
     </span>
     <span class='ocr_line' id='line_1_35' title="bbox 111 3267 1157 3348; baseline -0.006 -17"><span class='ocrx_word' id='word_1_284' title='bbox 111 3270 284 3348; x_wconf 84' lang='lat' dir='ltr'>magnitudo</span> <span class='ocrx_word' id='word_1_285' title='bbox 299 3291 386 3332; x_wconf 92' lang='lat' dir='ltr'>usum</span> <span class='ocrx_word' id='word_1_286' title='bbox 404 3290 524 3347; x_wconf 90' lang='lat' dir='ltr'>quoque</span> <span class='ocrx_word' id='word_1_287' title='bbox 542 3269 842 3344; x_wconf 88' lang='lat' dir='ltr'>exercitationemque</span> <span class='ocrx_word' id='word_1_288' title='bbox 860 3267 1014 3328; x_wconf 85' lang='lat' dir='ltr'>desiderat</span> <span class='ocrx_word' id='word_1_289' title='bbox 1056 3267 1157 3341; x_wconf 91' lang='lat' dir='ltr'>Atque</span> 
     </span>
     <span class='ocr_line' id='line_1_36' title="bbox 110 3361 1157 3445; baseline -0.009 -17"><span class='ocrx_word' id='word_1_290' title='bbox 110 3369 150 3429; x_wconf 90' lang='lat' dir='ltr'>ab</span> <span class='ocrx_word' id='word_1_291' title='bbox 170 3368 205 3429; x_wconf 93' lang='lat' dir='ltr'>iis</span> <span class='ocrx_word' id='word_1_292' title='bbox 225 3369 321 3442; x_wconf 85' lang='lat' dir='ltr'>rebus,</span> <span class='ocrx_word' id='word_1_293' title='bbox 343 3388 419 3445; x_wconf 91' lang='lat' dir='ltr'>quae</span> <span class='ocrx_word' id='word_1_294' title='bbox 440 3378 508 3428; x_wconf 93' lang='lat' dir='ltr'>sunt</span> <span class='ocrx_word' id='word_1_295' title='bbox 528 3367 560 3426; x_wconf 92' lang='lat' dir='ltr'>in</span> <span class='ocrx_word' id='word_1_296' title='bbox 579 3366 641 3426; x_wconf 90' lang='lat' dir='ltr'>iure</span> <span class='ocrx_word' id='word_1_297' title='bbox 662 3365 810 3425; x_wconf 89' lang='lat' dir='ltr'>societatis</span> <span class='ocrx_word' id='word_1_298' title='bbox 830 3366 985 3436; x_wconf 88' lang='lat' dir='ltr'>humanae,</span> <span class='ocrx_word' id='word_1_299' title='bbox 1008 3381 1097 3438; x_wconf 91' lang='lat' dir='ltr'>quem</span> <span class='ocrx_word' id='word_1_300' title='bbox 1118 3361 1157 3420; x_wconf 93' lang='lat' dir='ltr'>ad</span> 
     </span>
     <span class='ocr_line' id='line_1_37' title="bbox 111 3455 1179 3539; baseline -0.007 -17"><span class='ocrx_word' id='word_1_301' title='bbox 111 3467 236 3526; x_wconf 90' lang='lat' dir='ltr'>modum</span> <span class='ocrx_word' id='word_1_302' title='bbox 257 3465 381 3524; x_wconf 90' lang='lat' dir='ltr'>ducatur</span> <span class='ocrx_word' id='word_1_303' title='bbox 400 3466 567 3536; x_wconf 90' lang='lat' dir='ltr'>honestum,</span> <span class='ocrx_word' id='word_1_304' title='bbox 591 3481 629 3522; x_wconf 89' lang='lat' dir='ltr'>ex</span> <span class='ocrx_word' id='word_1_305' title='bbox 649 3481 709 3539; x_wconf 93' lang='lat' dir='ltr'>quo</span> <span class='ocrx_word' id='word_1_306' title='bbox 734 3473 837 3538; x_wconf 91' lang='lat' dir='ltr'>aptum</span> <span class='ocrx_word' id='word_1_307' title='bbox 858 3469 903 3520; x_wconf 91' lang='lat' dir='ltr'>est</span> <span class='ocrx_word' id='word_1_308' title='bbox 925 3457 1063 3530; x_wconf 87' lang='lat' dir='ltr'>officium,</span> <span class='ocrx_word' id='word_1_309' title='bbox 1086 3455 1156 3516; x_wconf 90' lang='lat' dir='ltr'>satis</span> <span class='ocrx_word' id='word_1_310' title='bbox 1174 3481 1179 3486; x_wconf 85' lang='grc'><strong><em>·</em></strong></span> 
     </span>
     <span class='ocr_line' id='line_1_38' title="bbox 111 3561 322 3622; baseline -0.009 -1"><span class='ocrx_word' id='word_1_311' title='bbox 111 3564 172 3622; x_wconf 84' lang='lat' dir='ltr'>sere</span> <span class='ocrx_word' id='word_1_312' title='bbox 187 3561 322 3621; x_wconf 92' lang='lat' dir='ltr'>diximus.</span> 
     </span>
    </p>
   </div>
   <div class='ocr_carea' id='block_1_8' title="bbox 109 3651 1197 3747">
    <p class='ocr_par' dir='ltr' id='par_1_11' title="bbox 109 3651 1197 3747">
     <span class='ocr_line' id='line_1_39' title="bbox 109 3651 1197 3747; baseline -0.028 -16"><span class='ocrx_word' id='word_1_313' title='bbox 109 3651 326 3747; x_wconf 53' lang='lat' dir='ltr'>Tffl‘ffigdm</span> <span class='ocrx_word' id='word_1_314' title='bbox 423 3660 468 3716; x_wconf 89' lang='lat'>61.</span> <span class='ocrx_word' id='word_1_315' title='bbox 511 3655 749 3732; x_wconf 89' lang='lat' dir='ltr'>Intellegendum</span> <span class='ocrx_word' id='word_1_316' title='bbox 773 3666 872 3717; x_wconf 89' lang='lat' dir='ltr'>autem</span> <span class='ocrx_word' id='word_1_317' title='bbox 887 3665 940 3725; x_wconf 81' lang='lat' dir='ltr'>est,</span> <span class='ocrx_word' id='word_1_318' title='bbox 961 3669 1030 3710; x_wconf 91' lang='lat' dir='ltr'>cum</span> <span class='ocrx_word' id='word_1_319' title='bbox 1051 3666 1156 3726; x_wconf 78' lang='lat' dir='ltr'>propo</span> <span class='ocrx_word' id='word_1_320' title='bbox 1168 3667 1197 3716; x_wconf 78' lang='lat'>35</span> 
     </span>
    </p>
   </div>
   <div class='ocr_carea' id='block_1_9' title="bbox 104 3783 1153 3944">
    <p class='ocr_par' dir='ltr' id='par_1_12' title="bbox 104 3783 1153 3944">
     <span class='ocr_line' id='line_1_40' title="bbox 160 3783 1153 3856; baseline -0.015 -9"><span class='ocrx_word' id='word_1_321' title='bbox 160 3809 190 3847; x_wconf 75' lang='lat' dir='ltr'>aa</span> <span class='ocrx_word' id='word_1_322' title='bbox 208 3804 233 3846; x_wconf 92' lang='lat' dir='ltr'>et</span> <span class='ocrx_word' id='word_1_323' title='bbox 249 3795 400 3845; x_wconf 85' lang='lat' dir='ltr'>consuetudo</span> <span class='ocrx_word' id='word_1_324' title='bbox 416 3791 607 3856; x_wconf 85' lang='lat' dir='ltr'>exercitatioque</span> <span class='ocrx_word' id='word_1_325' title='bbox 623 3789 745 3855; x_wconf 84' lang='lat' dir='ltr'>capienda</span> <span class='ocrx_word' id='word_1_326' title='bbox 761 3795 790 3838; x_wconf 80' lang='lat' dir='ltr'>ut</span> <span class='ocrx_word' id='word_1_327' title='bbox 804 3788 890 3854; x_wconf 67' lang='lat' dir='ltr'>spania</span> <span class='ocrx_word' id='word_1_328' title='bbox 906 3786 975 3836; x_wconf 64' lang='lat' dir='ltr'>unck</span> <span class='ocrx_word' id='word_1_329' title='bbox 990 3783 1089 3835; x_wconf 77' lang='lat' dir='ltr'>inclusit</span> <span class='ocrx_word' id='word_1_330' title='bbox 1103 3783 1153 3832; x_wconf 86' lang='lat' dir='ltr'>Ba.</span> 
     </span>
     <span class='ocr_line' id='line_1_41' title="bbox 104 3873 657 3944; baseline -0.013 -17"><span class='ocrx_word' id='word_1_331' title='bbox 104 3883 163 3944; x_wconf 72' lang='lat' dir='ltr'>post</span> <span class='ocrx_word' id='word_1_332' title='bbox 172 3876 335 3927; x_wconf 77' lang='lat' dir='ltr'>Faccrlrlatum</span> <span class='ocrx_word' id='word_1_333' title='bbox 340 3873 460 3941; x_wconf 79' lang='lat' dir='ltr'>probante</span> <span class='ocrx_word' id='word_1_334' title='bbox 469 3873 552 3922; x_wconf 82' lang='lat' dir='ltr'>Hea&#39;ne</span> <span class='ocrx_word' id='word_1_335' title='bbox 656 3873 657 3876; x_wconf 76' lang='grc'>’</span> 
     </span>
    </p>
   </div>
   <div class='ocr_carea' id='block_1_10' title="bbox 0 0 1340 4296">
    <p class='ocr_par' dir='ltr' id='par_1_13' title="bbox 0 0 1340 4296">
     <span class='ocr_line' id='line_1_42' title="bbox 0 0 1340 4296; baseline 0 1"><span class='ocrx_word' id='word_1_336' title='bbox 0 0 1340 4296; x_wconf 95' lang='lat' dir='ltr'> </span> 
     </span>
    </p>
   </div>
  </div>
 </body>
</html>
