2670 4296
117 224 201 282 lxm
219 219 287 302 149]
429 230 572 281 externam
591 224 702 299 maman
719 223 840 300 pertinet
884 267 888 275 .
1103 241 1157 302 .53
1219 195 1221 198 v

105 413 107 416 ⁴
139 426 180 466 w,
197 426 271 468 suone
288 427 325 469 οἱ)
366 415 468 456 eorum
489 407 556 472 apte
577 397 636 468 fiat,
659 395 731 472 quid
752 397 790 455 ab
810 395 907 456 officio
923 407 1086 474 naturaque
1103 398 1160 458 dis·

115 478 327 587 ffiffilssffi‘g
367 503 475 568 crepet.
519 493 589 566 Quo
611 491 643 550 in
661 510 768 568 genere
784 511 845 550 non
863 491 1149 552 est'incommodum

115 579 325 670 ᾗξζζζξζζζάοῄῗ
366 592 453 666 quale
470 590 600 666 quidque
614 609 717 649 eorum
736 589 781 662 sit,
800 609 837 648 ex
855 589 920 648 aliis
933 589 1072 664 iudicare,
1087 601 1120 652 ut
1134 591 1158 650 si

112 677 195 725 “MS
365 686 437 760 quid
463 686 606 746 dedeceat
626 685 655 744 in
678 684 734 744 illis
757 686 883 746 vitemus
904 685 967 762 ipsi.
1010 687 1057 747 Fit
1078 686 1158 747 enim

111 776 214 839 nescio
227 782 380 855 quomodo
394 793 428 841 ut
446 782 538 859 magis
557 782 589 841 in
604 782 669 841 aliis
688 801 842 842 cernamus
857 801 946 858 quam
963 781 994 841 in
1008 782 1157 843 nobismet
1187 800 1200 848 5

110 873 190 950 ipsis,
207 874 316 951 siquid
331 877 518 954 delinquitur.
563 881 669 954 Itaque
687 878 825 938 facillime
849 879 1033 955 corriguntur
1051 879 1082 939 in
1102 880 1158 940 dis·

104 972 218 1045 cend0,
250 992 375 1048 quorum
403 975 475 1034 vitia
504 975 656 1034 imitantur
684 975 865 1035 emendandi
896 995 986 1035 causa
1016 976 1155 1054 magistri.

111 1113 242 1154 „aarum
251 1115 325 1156 adm
366 1085 429 1145 147.
450 1073 516 1131 Nec
528 1091 599 1130 vero
613 1071 744 1135 alienum
758 1081 802 1131 est
818 1071 858 1129 ad
873 1090 908 1130 ea
922 1071 1065 1148 eligenda,
1078 1089 1155 1149 quae

110 1164 326 1224 ⁰s‘11’t‘50000d1'0‘·
361 1168 579 1229 dubitationem
595 1171 729 1242 afferunt,
745 1169 885 1228 adhibere
901 1170 1006 1229 doctos
1020 1170 1156 1230 homines

113 1227 163 1254 sons
182 1229 203 1254 m
223 1229 282 1255 enses
303 1216 326 1255 os

111 1264 325 1364 ggsstrmfflgtophg
361 1266 408 1324 vel
431 1265 519 1323 etiam
544 1283 599 1324 usu
621 1265 731 1342 peritos
754 1276 783 1325 et
816 1264 889 1341 quid
911 1264 946 1324 iis
973 1267 1012 1325 de
1036 1285 1155 1342 quoque
1170 1293 1200 1328 ιο

111 1367 173 1415 duta·
361 1360 450 1420 officii
470 1380 576 1437 genere
599 1363 715 1436 placeat
748 1361 910 1437 exquirere„
954 1362 1051 1421 Maior
1075 1362 1155 1422 enim

111 1474 238 1531 perseo
262 1459 322 1516 sere
343 1456 449 1516 deferri
471 1458 552 1532 solet,
570 1477 630 1534 quo
654 1468 797 1525 anatum
821 1458 885 1533 ipsa
909 1458 1071 1518 deducitur.
1117 1460 1154 1518 In

110 1552 218 1628 quibus
237 1553 399 1612 videndum
421 1563 465 1613 est
485 1573 546 1612 non
568 1555 660 1612 modo
683 1553 756 1630 quid
780 1554 906 1630 quisque
933 1555 1077 1630 loquatur,
1101 1555 1154 1615 sed

111 1648 201 1708 etiam
215 1648 287 1724 quid
306 1649 430 1726 quisque
449 1650 556 1709 sentiat
575 1661 663 1726 atque
683 1650 771 1710 etiam
790 1670 850 1726 qua
867 1651 906 1710 de
925 1670 1013 1710 causa
1027 1651 1153 1727 quisque

58 1775 63 1797 ·.
111 1745 226 1804 sentiat.
271 1747 314 1804 Ut
332 1744 412 1804 euim
431 1744 557 1821 pictores
578 1756 607 1807 et
625 1745 646 1804 ii
665 1745 716 1821 qui
735 1745 817 1822 signa
835 1745 1014 1805 fabricantur
1036 1757 1065 1806 et
1083 1766 1196 1814 vernis

113 1840 202 1901 etiam
221 1844 326 1916 poetae
346 1860 430 1900 suum
450 1842 573 1918 quisque
594 1862 668 1918 opus
689 1863 707 1901 a
724 1844 813 1918 vulgo
826 1841 1005 1902 considerari
1022 1844 1092 1916 vult,
1111 1854 1152 1916 ut,

113 1923 220 2011 siquid
234 1939 442 2011 reprehensum
457 1937 526 1996 sita
540 1938 679 2013 pluribuS,
691 1938 723 1997 id
736 1938 902 2014 corrigatur,
917 1937 997 2014 iique
1011 1950 1041 1999 et
1051 1958 1153 1999 secum

112 2044 143 2092 et
166 2034 205 2092 ab
226 2033 291 2092 alris
312 2034 385 2110 quid
407 2034 496 2095 ineo
520 2045 676 2110 peccatum
700 2034 737 2093 sit
762 2034 937 2109 exquirunt:
964 2033 1007 2093 sic
1028 2034 1152 2094 aliorum

110 2129 222 2189 iudicio
235 2133 381 2207 permulta
400 2131 487 2190 nobis
502 2144 531 2191 et
545 2132 680 2191 facienda
699 2144 729 2191 et
743 2151 803 2191 non
818 2131 954 2190 facienda
966 2143 997 2191 et
1010 2133 1153 2191 mutanda

137 2242 174 2283 No
212 2242 325 2301 directions
362 2239 393 2286 et
420 2227 592 2304 corrigenda
618 2240 695 2289 sunt
744 2230 809 2301 148.
853 2230 938 2303 Quae
965 2247 1035 2288 vero
1069 2248 1151 2290 more
1165 2253 1196 2291 20

110 2292 325 2432 {iffffiffiuiii
360 2336 486 2400 'agentur
506 2323 706 2400 institutisque
727 2324 868 2397 civilibus,
898 2326 936 2383 de
957 2324 991 2383 iis
1012 2324 1085 2383 nihil
1106 2336 1150 2385 est

110 2441 323 2490 omnesomnes„
362 2419 603 2497 praecipiendum
619 2440 626 2480 ι
659 2419 708 2479 illa
722 2419 801 2479 enim
816 2420 881 2496 ipsa
894 2431 1051 2496 praecepta
1065 2431 1150 2495 sunt3

110 2491 191 2541 though
199 2492 324 2532 overlooked
890 2518 896 2528 .
1143 2518 1150 2530 .

109 2541 324 2582 inwmemenosex.
362 2536 418 2576 nec
435 2536 614 2593 quemquam
634 2518 693 2576 hoc
714 2537 810 2578 errore
828 2519 898 2577 duci
918 2529 1046 2594 oportet,
1065 2529 1107 2592 ut,
1127 2539 1152 2579 s1

108 2592 326 2682 {Zmssiaiiofflssi’e
364 2613 437 2690 quid
465 2614 598 2672 Socrates
625 2624 675 2672 aut
702 2612 867 2690 Aristippus
902 2625 1004 2674 contra
1039 2633 1152 2675 morem

108 2691 252 2782 {ssffi‘f‘dina‘y
273 2705 320 2742 pe*
359 2711 666 2786 consuetudinemque
680 2710 798 2770 civilem
812 2710 933 2770 fecerint
944 2711 1071 2771 locutive
1085 2712 1152 2785 sint,
1163 2734 1193 2783 25

108 2809 189 2869 idem
208 2810 265 2869 sibi
282 2809 437 2868 arbitretur
455 2808 564 2867 licere:
599 2807 713 2882 magnis
733 2807 774 2865 illi
794 2819 823 2866 et
842 2807 948 2867 divinis
967 2808 1053 2869 bonis
1074 2808 1152 2868 hanc

108 2905 259 2965 licentiam
276 2905 515 2981 assequebantur.
560 2903 741 2980 Cynicorum
757 2923 827 2962 vero
844 2904 918 2963 ratio
939 2915 1001 2964 tota
1021 2915 1065 2963 est
1085 2904 1152 2983 eici·

103 3005 205 3065 enda:
233 3015 277 3063 est
296 3002 378 3064 enim
402 3000 523 3059 inimica
544 2999 747 3072 verecundiae,
771 2999 918 3076 sineque
941 2998 1014 3058 nihil
1039 3011 1151 3060 rectum

70 3126 75 3136 ·
110 3133 177 3174 Rq„
193 3133 256 3174 ,bom
273 3147 320 3183 pm,
359 3116 423 3156 esse
437 3107 544 3172 potest,
560 3095 632 3153 nihil
646 3095 813 3154 honestum.
860 3114 923 3169 149.
967 3096 1027 3153 Eos
1041 3105 1150 3169 autem,

108 3185 321 3275 gssiyffifflfflgss
357 3212 484 3269 quorum
502 3192 562 3251 vita
580 3203 734 3269 perspecta
751 3190 783 3250 in
805 3193 892 3250 rebus
911 3191 1043 3252 honestis
1061 3204 1151 3271 atque
1163 3204 1204 3256 δα

108 3285 172 3325 ¹¹²³*
357 3289 471 3366 magnis
492 3300 545 3361 est,
575 3290 651 3348 bene
675 3289 715 3348 de
735 3307 766 3347 re
786 3287 905 3364 publica
928 3288 1088 3350 sentientes
1115 3311 1150 3351 ac

107 3386 187 3445 bene
206 3385 326 3446 meritos
347 3397 398 3445 aut
415 3397 561 3446 merentes
581 3385 631 3457 sic,
654 3395 687 3444 ut
705 3385 805 3460 aliquo
826 3386 948 3445 honore·
960 3398 1010 3446 aut
1024 3385 1148 3464 imperio

106 3484 238 3554 affectos,
261 3485 415 3542 observare
437 3494 467 3542 et
483 3483 580 3541 colere
599 3482 751 3554 debemus,
773 3480 899 3542 tribuere
916 3481 1003 3541 etiam
1024 3484 1151 3543 multum

106 3579 259 3650 senectuti,
282 3580 387 3638 cedere
409 3577 444 3636 iis
464 3576 515 3652 qui
534 3575 737 3652 magistratum
755 3577 917 3650 habebunt,
937 3577 1046 3637 habere
1063 3577 1151 3638 dilec-

107 3687 170 3735 tum
194 3675 265 3734 civis
294 3687 324 3734 et
346 3673 491 3751 peregrini
521 3671 552 3732 in
577 3672 701 3749 ipsoque
729 3673 882 3750 peregrino
908 3673 1082 3751 privatimne
1109 3694 1148 3734 an
1162 3681 1191 3734 3⁵

159 3827 187 3874 18
202 3832 228 3874 et
240 3825 336 3907 appliis
348 3825 388 3872 Ba
400 3824 480 3874 Heine
489 3823 595 3873 Lucum
605 3821 713 3884 codr'cea,
728 3829 753 3872 et
764 3837 820 3872 cum
831 3821 885 3871 aliis
896 3837 952 3871 cum
962 3827 1011 3872 cett.
1025 3821 1089 3872 codd.
1105 3823 1148 3881 Or,

106 3911 172 3954 etex
184 3903 238 3952 aliis
254 3903 337 3966 Unger
1050 3911 1051 3916 ’

1180 4018 1268 4044 Δ
