2670 4296
99 215 175 276 Ixn
189 212 259 296 143]
397 222 541 275 aternam
560 217 671 293 specim
685 218 812 292 pertinet
1103 239 1140 299 51

98 383 161 460 vin’,
181 384 320 446 virtutem
347 385 434 462 quis?
460 397 490 446 at
517 406 605 463 quam
628 385 713 446 multi
734 385 868 446 villarum
890 385 1140 465 magnificentiam

98 481 205 544 imitati
218 487 307 544 suntl
383 483 517 557 Quarum
533 481 654 559 quidem
668 492 747 543 certe
761 493 807 543 est
822 482 1008 544 adhibendus
1021 484 1139 558 modus,

99 597 312 659 mmm
349 579 388 639 ad
413 579 708 656 mediocritatemque
731 580 924 640 revocandus.
967 581 1140 657 Eademque

98 667 315 760 ffifflssssw}
349 674 536 735 mediocritas
557 676 597 735 ad
619 694 740 735 omnem
761 694 848 734 usum
872 678 1044 753 cultumque
1062 676 1140 738 vitae

98 767 141 811 ’ἢ
349 770 549 829 transferenda
567 781 619 830 est
663 770 723 830 Sed
740 771 814 830 haec
832 771 982 831 hactenus.
1171 796 1184 846 5

122 916 194 959 m
210 917 266 959 mles
279 917 312 960 for
411 884 476 938 141.
519 868 556 925 In
583 865 666 926 omni
689 876 789 925 autem
812 866 929 927 actione
953 867 1141 946 suscipienda

98 967 309 1058 fflffluffiffeffl·
347 961 401 1022 tria
414 974 483 1023 sunt
497 964 627 1023 tenenda
635 984 645 1036 ;
672 962 800 1040 primum
819 974 852 1023 ut
869 965 1016 1040 appetitus
1033 965 1140 1026 rationi

97 1028 309 1160 ffiffigffii
346 1070 454 1134 pareat,
470 1078 530 1135 quo
544 1058 616 1118 nihil
635 1070 680 1119 est
700 1060 740 1119 ad
760 1059 858 1120 officia
873 1062 1076 1121 conservanda
1093 1081 1141 1121 ac·

346 1155 572 1226 commodatius,
595 1154 704 1215 deinde
722 1167 755 1215 ut
765 1155 1013 1216 animadvertatur
1031 1168 1140 1233 quanta

98 1247 149 1309 illa
167 1268 214 1310 res
234 1250 279 1323 sit,
299 1270 388 1327 quam
409 1251 524 1312 efficere
542 1250 674 1324 velimus,
694 1262 728 1311 ut
745 1271 820 1312 neve
839 1251 933 1312 maior
953 1271 1027 1313 neve
1043 1251 1140 1313 minor
1155 1288 1184 1323 10

97 1366 169 1408 cura
182 1360 211 1409 et
224 1368 314 1426 opera
328 1348 503 1426 suscipiatur
516 1368 606 1426 quam
620 1368 710 1409 causa
723 1351 858 1426 postulet
900 1348 1034 1409 Tertium
1048 1360 1139 1410 estut

97 1460 253 1504 caveamus
267 1457 356 1519 ntea,
372 1465 448 1521 quae
462 1445 610 1522 pertinent
628 1446 667 1504 ad
687 1445 836 1506 liberalem
851 1445 980 1521 speciem
995 1457 1024 1506 et
1045 1445 1138 1522 digni-

98 1549 196 1613 tatem,
212 1541 363 1600 moderata
377 1541 442 1601 sint.
486 1541 597 1601 Modus
617 1552 718 1600 autem
736 1552 780 1600 est
794 1541 921 1617 optimus
936 1542 1027 1602 decus
1041 1539 1138 1617 ipsum

97 1645 206 1708 tenere,
221 1636 333 1713 dequo
347 1648 415 1696 ante
429 1636 564 1710 dirdmus,
579 1657 635 1696 nec
648 1636 784 1713 progredi
798 1636 922 1713 longius.
965 1639 1084 1695 Horum
1097 1648 1139 1696 ta·

97 1749 167 1791 men
178 1732 265 1792 trium
279 1732 560 1809 praestantissimum
575 1745 620 1793 est
633 1732 796 1809 appetitum
806 1745 1009 1811 optemperare
1022 1734 1136 1801 rationi,
1153 1760 1181 1808 15

33 1866 84 1917 XL
182 1888 202 1929 ‚d
247 1888 253 1900 ,
411 1849 475 1903 142.
520 1828 670 1906 Deinceps
689 1831 727 1889 de
748 1829 851 1890 ordine
868 1849 963 1889 rerum
981 1841 1012 1891 et
1033 1850 1138 1908 oppor-
1233 1820 1237 1827 ⁴

96 1887 310 1981 sufflandi&
347 1926 470 1986 tunitate
485 1936 652 2003 temporum
667 1926 827 1985 dicendum
841 1937 894 1986 est.
937 1929 1024 1987 Haec
1038 1940 1138 1988 autem

96 1988 308 2099 {ilisiimsss‘ii
346 2023 468 2082 scientia
487 2022 676 2082 continentur
696 2041 740 2093 ea,
769 2041 858 2098 quam
886 2022 992 2084 Graeci
1013 2021 1139 2093 αἷταξίαν

95 2089 264 2131 auouracuonc
346 2119 509 2192 nominant,
532 2137 593 2178 non
613 2119 698 2192 hanc,
721 2138 809 2195 quam
833 2118 1058 2196 interpretamur
1070 2122 1139 2181 ‘mo

96 2214 236 2291 destiam’,
253 2235 313 2292 quo
340 2217 371 2276 in
395 2218 486 2277 verbo
500 2218 622 2276 ‘modus’
637 2215 722 2288 inest,
744 2217 797 2276 sed
825 2215 874 2275 illa
899 2217 943 2277 est
967 2216 1084 2292 εὐταξία,
1106 2219 1137 2278 in
1151 2252 1182 2287 20

96 2332 155 2390 qua
175 2313 354 2390 intellegitur
375 2313 486 2374 ordinis
510 2312 701 2372 conservatio.
744 2315 857 2389 Itaque,
880 2325 913 2372 ut
935 2315 1061 2374 eandem
1082 2335 1137 2376 nos

120 2451 235 2493 nennium
260 2451 286 2492 os
331 2410 531 2470 ‘modestiam’
544 2413 734 2487 appellemus,
756 2411 798 2472 sic
819 2411 958 2471 definitur
981 2431 999 2471 a
1021 2412 1135 2486 Stoicis,

94 2500 175 2544 Tm
344 2520 378 2569 ut
410 2508 557 2570 modestia
584 2508 622 2568 sit
652 2508 775 2568 scientia
805 2529 906 2569 earum
937 2529 1137 2586 rerumquae

94 2616 217 2682 agentur
243 2617 294 2666 aut
321 2605 463 2684 dicentur,
481 2608 548 2667 loco
573 2625 629 2666 suo
652 2608 900 2667 collocandamm.
948 2610 996 2668 Ita
1021 2609 1137 2670 videtur

93 2705 199 2765 eadem
226 2704 271 2764 vis
298 2704 409 2766 ordinis
436 2715 467 2764 et
494 2703 696 2764 collocationis
723 2706 808 2764 fore:
845 2724 915 2764 nam
945 2715 974 2765 et
1001 2706 1135 2766 ordinem
1147 2729 1178 2779 25

93 2801 136 2862 sic
167 2801 319 2875 definiunt,
348 2801 594 2889 compositionem
621 2820 718 2860 rerum
744 2800 820 2877 aptis
848 2811 877 2860 et
903 2802 1135 2862 accommodatis

93 2895 174 2957 locis.
203 2901 315 2958 locum
342 2907 440 2955 autem
468 2894 592 2955 actionis
620 2894 869 2971 opportunitatem
897 2895 1038 2971 temporis
1069 2916 1134 2958 esse

92 2991 210 3066 dicunt3
229 3003 347 3068 tempus
367 3003 466 3051 autem
491 2991 615 3051 actionis
639 3003 838 3068 opportunum
865 2993 977 3053 Graece
1004 2989 1131 3068 εὐκαιρία,

93 3088 197 3149 Latine
211 3091 374 3164 appellatur
388 3087 512 3148 occasio.
555 3088 604 3149 Sic
624 3089 657 3147 fit
674 3099 708 3148 ut
724 3087 870 3147 modestia
887 3089 969 3160 haec,
984 3108 1073 3164 quam
1091 3088 1133 3150 ita

91 3184 322 3261 interpretamur,
338 3195 372 3244 ut
385 3184 453 3257 dixi,
470 3184 593 3244 scientia
606 3182 643 3243 sit
659 3183 885 3261 opportunitatis
903 3183 1079 3245 idoneorum
1092 3188 1132 3246 ad
1145 3213 1177 3264 3⁰

91 3282 238 3360 agendum
252 3291 426 3357 temporum
473 3300 536 3356 143.
576 3282 636 3340 Sed
650 3291 747 3357 potest
761 3282 866 3340 eadem
880 3299 944 3341 esse
958 3282 1131 3357 prudentiae

92 3376 234 3450 definitio,
253 3378 291 3437 de
306 3396 366 3454 qua
383 3376 527 3453 principio
546 3377 688 3437 diximus:
707 3378 766 3436 hoc
784 3388 883 3437 autem
896 3377 965 3436 loco
979 3378 1018 3438 de
1031 3380 1133 3439 mode-

91 3473 203 3533 ratione
218 3481 248 3532 et
261 3471 455 3548 temperantia
468 3483 497 3532 et
512 3462 612 3532 earum
626 3471 769 3531 similibus
782 3470 937 3532 virtutibus
952 3473 1127 3548 quaerimus

92 3570 204 3646 ltaque,
225 3587 301 3645 quae
328 3578 411 3626 erant
437 3567 611 3644 prudentiae
638 3566 763 3642 propria,
778 3586 832 3627 suo
856 3569 923 3627 loco
944 3566 1128 3628 dictasunt:

91 3684 168 3741 quae
195 3674 294 3724 autem
321 3664 425 3723 harum
447 3663 596 3737 virtutum,
621 3664 660 3724 de
687 3663 795 3739 quibus
817 3663 876 3722 iam
900 3663 951 3724 diu
972 3664 1126 3740 loquimur,
1141 3699 1170 3746 35

137 3828 151 3861 α
168 3812 257 3862 imitati
272 3819 329 3861 sunt
344 3819 373 3862 ut
384 3811 546 3875 grammatrti
559 3810 749 3876 suppleruntum
765 3810 914 3862 secluserunt
931 3811 973 3860 Ba
990 3810 1070 3860 Hcine
1085 3811 1127 3858 Lu

88 3897 100 3954 Ι
134 3907 148 3955 3
167 3893 363 3944 mediocritatem
374 3892 442 3944 tacite
452 3895 494 3942 Ba

967 4007 1044 4060 4-2
1157 4004 1253 4034 ⁴¹·-
