2670 4296
415 1215 575 1278 LIBER
611 1213 839 1281 TERTIVS

80 1515 124 1570 11.
139 1524 317 1572 Introduction
414 1528 438 1567 1.
475 1509 618 1568 Pusmvm
633 1504 810 1585 Scipionem,
826 1509 927 1567 Marce
942 1506 991 1582 fili,
1006 1527 1075 1568 eum
1089 1506 1140 1584 qui

106 1593 318 1687 Rffssssmessu‘hgg}
354 1602 465 1680 primus
484 1603 638 1663 Africanus
655 1604 817 1680 appellatus
834 1615 887 1677 est,
903 1602 1000 1664 dicere
1021 1603 1140 1667 solitum

103 1694 315 1792 ξξζξξξζζξξᾞξ
352 1699 465 1776 scripsit
487 1701 571 1795 Cato,
593 1699 644 1776 qui
664 1699 718 1760 suit
740 1698 802 1760 eius
823 1702 883 1760 sere
902 1699 1041 1776 aequalis,
1061 1719 1142 1759 num·

104 1807 147 1885 “²th
155 1795 317 1886 ffiifffffflsg
352 1815 439 1871 quam
459 1797 601 1855 seminus
624 1799 740 1856 otiosum
763 1815 924 1872 essequam
945 1817 1007 1856 cum
1030 1797 1141 1871 ottbsus,

104 1877 315 1947 ouerotneeeisny.
354 1912 401 1951 nec
420 1895 516 1951 minus
538 1894 628 1952 solum
650 1912 737 1968 quam
758 1913 820 1952 cum
847 1894 922 1952 solus
944 1901 1016 1954 essert
1061 1895 1143 1970 Mag·
1172 1926 1186 1972 5

104 1986 191 2047 nifica
204 2009 273 2049 vero
286 2010 345 2049 vox
358 2001 387 2050 et
401 2009 510 2068 magno
523 1989 585 2050 viro
604 2009 639 2048 ac
654 1989 785 2067 sapiente
799 1990 902 2068 digna:
923 2010 999 2068 quae
1014 1993 1141 2053 declarat

104 2081 187 2143 illum
202 2096 231 2144 et
244 2085 275 2144 in
289 2085 350 2146 otio
365 2087 403 2146 de
417 2085 542 2163 negotiis
556 2086 683 2163 cogitare
698 2098 727 2147 et
741 2086 772 2146 in
781 2087 938 2147 solitudine
948 2107 1049 2149 secum
1059 2088 1142 2164 loqui

102 2180 231 2255 solitum,
254 2193 287 2242 ut
313 2202 412 2259 neque
434 2193 560 2243 cessaret
587 2203 729 2260 umquam
756 2195 786 2243 et
808 2183 955 2243 interdum
981 2185 1141 2261 conloquio

103 2277 220 2337 alterius
241 2298 301 2338 non
322 2289 426 2357 egeret.
471 2281 518 2339 Ita
538 2280 613 2341 duae
634 2300 689 2354 res,
712 2300 788 2357 quae
808 2281 982 2358 languorem
1006 2283 1141 2342 adferunt

103 2374 215 2448 ceteris,
231 2374 314 2435 illum
332 2376 485 2449 acuebant,
504 2376 597 2437 otium
616 2388 646 2437 et
665 2377 802 2438 solitudo.
845 2379 961 2437 Vellem
978 2377 1064 2439 nobis
1082 2380 1141 2438 hoc
1156 2404 1185 2439 ιο

103 2467 184 2530 idem
204 2490 271 2530 vere
292 2471 390 2532 dicere
408 2472 516 2545 liceret,
531 2474 585 2534 sed
605 2475 630 2532 si
650 2473 747 2533 minus
761 2472 924 2534 imitatione
938 2474 1141 2553 tantaminge·

103 2565 145 2625 nii
165 2566 371 2644 praestantiam
392 2569 533 2651 consequi
554 2588 718 2646 possumus,
737 2571 890 2631 voluntate
910 2581 989 2631 certe
1008 2571 1140 2647 proxime

102 2662 278 2724 accedimus.
322 2666 400 2722 Nam
415 2676 444 2724 et
458 2685 476 2724 a
489 2685 520 2725 re
533 2665 652 2742 publica
668 2665 890 2742 forensibusque
911 2665 1035 2744 negotiis
1052 2665 1139 2725 annis

102 2760 200 2837 impiis
220 2760 308 2838 vique
328 2761 467 2839 prohibiti
487 2762 581 2822 otium
601 2762 804 2840 persequimur
822 2774 853 2823 et
873 2764 912 2824 ob
933 2783 998 2824 eam
1020 2782 1139 2823 causam

103 2857 175 2917 urbe
189 2858 289 2917 relicta
302 2877 368 2917 rura
381 2869 567 2936 peragrantes
578 2877 665 2936 saepe
679 2859 734 2918 soli
748 2878 856 2919 sumus.
901 2879 925 2919 a.
949 2858 1007 2919 Sed
1017 2859 1140 2919 nechoc
1155 2884 1181 2931 15

103 2951 197 3012 otium
211 2973 278 3014 cum
292 2955 422 3014 Africani
436 2954 496 3015 otio
511 2974 567 3015 nec
580 2957 654 3015 haec
663 2955 791 3015 solitudo
805 2975 874 3014 cum
882 2955 932 3014 illa
942 2955 1140 3032 comparanda

102 3059 155 3109 est
198 3051 253 3111 Ille
267 3051 346 3111 enim
360 3051 546 3129 requiescens
560 3072 578 3111 a
591 3050 633 3112 rei
646 3051 782 3128 publicae
798 3051 1000 3128 pulcherrimis
1014 3051 1140 3111 muneri·

101 3144 158 3205 bus
169 3146 262 3207 otium
276 3148 331 3207 sibi
346 3149 480 3208 sumebat
494 3147 654 3224 aliquando
668 3158 698 3208 et
712 3167 729 3208 e
742 3159 830 3208 coetu
844 3147 1140 3225 hominumsrequen·

102 3241 201 3319 tiaque
215 3243 362 3304 interdum
376 3255 528 3321 tamquam
546 3243 577 3303 in
591 3255 707 3322 portum
723 3264 755 3305 se
768 3243 800 3304 in
817 3243 1006 3304 solitudinem
1020 3243 1139 3321 recipie-

103 3339 161 3400 bat.
198 3343 341 3402 Nostrum
360 3354 459 3403 autem
480 3341 574 3402 otium
595 3341 704 3418 negotii
725 3340 833 3418 inopia,
852 3360 914 3400 non
934 3338 1139 3418 requiescendi
1152 3366 1184 3402 ao

101 3435 200 3496 studio
214 3437 406 3497 constitutum
420 3448 475 3497 est.
496 3436 635 3497 Extincto
645 3436 725 3497 enim
733 3447 837 3496 senatu
846 3434 1009 3512 deletisque
1022 3433 1139 3519 iudiciis

100 3530 174 3607 quid
195 3543 240 3592 est
264 3534 347 3609 quod
368 3533 492 3610 dignum
512 3531 599 3593 uobis
622 3542 673 3592 aut
696 3531 728 3591 in
752 3531 832 3592 curia
851 3543 902 3592 aut
922 3530 954 3592 in
973 3531 1037 3592 soro
1053 3540 1138 3608 agere

149 3721 164 3756 a
177 3714 217 3758 est
227 3709 269 3758 Ba
279 3709 310 3758 St
318 3709 407 3771 Heine,
424 3709 466 3759 Lu
480 3725 537 3759 cum
547 3724 598 3759 uno
610 3709 668 3770 cod„
681 3709 756 3774 vulgo
766 3709 799 3761 sit
832 3711 843 3767 ll
878 3721 895 3773 9
909 3708 947 3759 ita
955 3707 997 3757 Ba
1005 3706 1089 3758 fletu
1096 3706 1137 3757 Lu

99 3803 155 3841 cum
164 3789 241 3849 codd„
255 3790 338 3855 itaque
352 3791 389 3840 Or
398 3792 438 3841 Zu
473 3795 483 3849 11
522 3806 552 3841 ιο
566 3791 615 3841 hoc
625 3790 692 3840 idem
703 3790 784 3843 dicere
796 3790 819 3840 Z
827 3806 882 3840 cum
893 3790 988 3856 aliquot
997 3788 1062 3840 codd.

180 3899 237 3945 cre.
252 3887 287 3945 de
301 3886 358 3962 Off
1048 3899 1069 3960 ἰ

1290 1498 1301 1528 b
