2670 4296
136 235 169 294 11
185 251 239 293 xw
254 231 304 316 48]
574 236 624 294 De
637 233 731 310 glorio
1140 255 1176 314 77

1044 347 1177 360 „nnn-

134 401 230 476 cisset,
245 422 383 481 magnam
402 404 523 462 laudem
544 411 574 463 et
594 421 612 460 a
632 421 749 461 summo
767 401 829 460 viro
850 413 879 460 et
900 401 937 460 ab
959 402 1087 462 exercitu
1107 421 1178 464 con·

134 499 295 576 sequebare
309 498 479 575 equitando,
495 497 661 570 iaculando,
673 496 756 556 omni
770 496 886 555 militari
899 497 998 557 labore
1012 498 1175 560 tolerando.

133 596 233 670 Atque
247 613 283 654 ea
297 595 418 671 quidem
432 605 482 653 tua
495 596 560 653 laus
574 593 681 670 pariter
694 613 764 652 cum
777 592 927 668 republica
940 591 1055 652 cecidit.
1100 592 1177 654 Mihi

133 701 233 751 autern
251 692 325 750 haec
343 690 436 750 oratio
454 701 591 766 suscepta
609 709 669 748 non
688 690 726 748 de
744 700 773 748 te
788 700 840 761 est,
856 690 909 748 sed
923 689 961 748 de
975 708 1081 765 genere
1095 699 1178 750 toto:

134 787 327 863 quamobrem
347 805 501 863 pergamus
522 787 562 845 ad
582 805 618 845 ea
639 805 715 861 quae
736 796 852 844 restant.
895 785 942 857 46.
975 786 1019 844 Ut
1039 784 1126 862 igitur
1146 784 1177 844 in
1206 821 1219 869 5

133 882 252 960 reliquis
273 883 359 944 rebus
380 884 473 942 multo
495 882 608 942 maiora
626 901 716 959 opera
735 894 802 941 sunt
821 881 911 940 animi
926 901 1015 957 quarn
1031 880 1174 959 corporis,

134 976 177 1039 sic
199 997 253 1039 eae
279 998 333 1051 res,
358 998 431 1055 quas
458 978 577 1056 ingenio
604 998 640 1038 ac
666 979 779 1038 ratione
806 978 1016 1054 persequimur,
1039 979 1177 1055 gratiores

381 1087 449 1135 sunt
476 1094 567 1151 quam
594 1075 669 1148 illae,
699 1095 772 1152 quas
799 1074 915 1134 viribus
968 1074 1065 1133 Prima
1092 1074 1178 1152 igitur

133 1168 163 1260 lp}
205 1178 344 1222 temperares
383 1172 604 1232 commendatio
634 1171 826 1249 proficiscitur
856 1191 874 1229 a
905 1171 1078 1230 modestia
1108 1191 1177 1230 cum

132 1220 346 1312 iuriir²fiiiiie¹iuiie
384 1267 517 1343 pietate
552 1267 583 1326 in
618 1268 755 1344 parentis
791 1267 823 1325 in
858 1286 927 1325 suos
962 1267 1174 1327 benevolentia.
1193 1299 1220 1333 ιο

132 1321 345 1422 iitiniisiriiiw
384 1362 545 1422 Facillume
569 1374 668 1421 autem
693 1374 722 1422 et
745 1361 777 1420 in
804 1360 947 1437 optimam
970 1373 1084 1438 partem
1110 1382 1177 1441 cog-

140 1520 144 1524 ,
382 1469 544 1517 noscuntur
574 1459 788 1535 adulescentes,
821 1457 873 1532 qui
901 1477 933 1516 se
959 1459 999 1518 ad
1025 1460 1119 1519 claros
1145 1470 1176 1520 et

134 1551 280 1629 sapientes
307 1553 385 1614 viros
415 1556 491 1615 bene
523 1557 711 1614 consulentes
742 1554 784 1613 rei
811 1552 947 1629 publicae
979 1555 1174 1628 contulerunt,

134 1650 311 1725 quibuscum
339 1651 364 1710 si
391 1653 558 1727 frequentes
586 1663 661 1723 sunt,
691 1648 864 1726 opinionem
891 1650 1026 1708 adferunt
1052 1652 1164 1728 populo

134 1761 237 1803 eorum
257 1746 319 1805 sore
340 1765 371 1805 se
392 1746 510 1819 similes,
526 1766 600 1822 quos
619 1746 675 1806 sibi
693 1745 749 1821 ipsi
763 1743 923 1821 delegerint
936 1746 975 1803 ad
989 1743 1172 1824 imitandum.
1190 1781 1198 1812 ι
1203 1778 1216 1828 5

134 1856 180 1914 47.
205 1843 236 1898 P.
258 1841 362 1900 Rutilii
382 1842 614 1903 adulescentiam
635 1843 674 1901 ad
695 1841 867 1918 opinionem
888 1851 917 1900 et
937 1839 1124 1901 innocentiae
1144 1852 1174 1902 et

133 1934 202 2021 iuris
216 1935 354 1997 scientiae
369 1941 401 1998 P.
419 1938 514 1997 Mucii
528 1937 746 1998 commendavit
765 1938 876 1996 domus.
913 1938 942 1994 N
944 1955 992 1994 am
1007 1938 1040 1995 L.
1053 1936 1174 2013 quidem

134 2033 265 2104 Crassus,
293 2053 361 2092 cum
384 2045 461 2094 esset
489 2033 652 2093 admodum
679 2035 861 2105 adulescens,
884 2051 946 2091 non
969 2032 1088 2092 aliunde
1112 2052 1175 2092 ruu-

132 2141 230 2191 tuatus
257 2141 310 2203 est,
333 2130 385 2189 sed
415 2130 471 2189 sibi
498 2130 562 2207 ipse
589 2130 702 2207 peperit
729 2149 898 2189 maxumam
922 2131 1040 2189 laudem
1064 2149 1101 2189 ex
1124 2130 1174 2191 illa

132 2226 319 2286 accusatione
348 2208 441 2286 nobili
464 2239 494 2287 et
520 2227 655 2304 gloriosa,
674 2238 712 2302 et,
734 2247 793 2305 qua
813 2239 908 2287 aetate
930 2226 980 2304 qui
1003 2238 1173 2287 exercentur
1185 2265 1216 2301 ,0

131 2321 218 2381 laude
240 2321 327 2380 adfici
352 2323 455 2395 solent,
476 2335 509 2383 ut
534 2326 571 2384 de
596 2326 799 2384 Demosthene
819 2323 995 2400 accepimus
1016 2343 1052 2384 ea
1076 2335 1172 2385 aetate

132 2418 166 2476 L.
177 2419 304 2478 Crassus'
313 2418 441 2477 ostendit
456 2418 487 2477 id
501 2439 533 2479 se
547 2419 577 2478 in
591 2422 655 2480 foro
670 2432 790 2497 optume
805 2420 864 2479 iam
878 2423 980 2494 facere,
991 2421 1171 2497 quodetiam

47 2533 119 2585 mv
131 2524 196 2574 tum
215 2525 330 2592 poterat
351 2515 432 2575 domi
452 2536 521 2576 cum
541 2519 628 2577 laude
649 2519 791 2578 meditari.
833 2523 880 2591 48.
904 2521 963 2580 Sed
981 2539 1049 2579 cum
1063 2523 1172 2597 duplex

378 2613 451 2673 ratio
472 2615 509 2674 sit
530 2615 678 2688 orationis,
699 2636 823 2693 quarum
842 2617 874 2675 in
894 2619 984 2677 altera
1005 2638 1100 2678 sermo
1124 2618 1169 2692 sit,

129 2679 341 2780 iiwspiiuiiuniii
378 2709 409 2769 in
431 2713 521 2770 altera
542 2711 703 2786 contentio,
719 2733 780 2772 non
794 2713 884 2773 estid
898 2714 1019 2789 quidem
1038 2714 1168 2789 dubium,
1183 2745 1211 2793 25

129 2781 257 2832 ‘¹⁰q⁰‘¹¹⁰⁰⁵
378 2806 450 2882 quin
474 2808 625 2867 contentio
650 2809 789 2869 orationis
817 2810 958 2871 maiorem
980 2811 1040 2870 vim
1062 2813 1170 2872 habeat

128 2901 169 2961 ad
189 2900 387 2978 gloriam-ea
414 2915 458 2963 est
477 2905 555 2964 enim
589 2925 679 2982 quam
697 2906 896 2983 eloquentiam
916 2907 1095 2968 dicimus—z
1116 2911 1169 2969 sed

128 3007 229 3056 tamen
244 2998 360 3059 difficile
376 2999 456 3059 dictu
471 3012 514 3060 est
534 3012 650 3077 quanto
665 3021 753 3078 opere
768 3003 904 3062 conciliet
918 3004 1032 3062 animos
1046 3005 1169 3065 comitas

127 3096 353 3173 adfabilitasque
386 3099 534 3158 sermonis.
592 3102 716 3159 Exstant
747 3099 887 3176 epistulae
918 3110 948 3160 et
975 3100 1103 3178 Philippi
1129 3103 1169 3162 ad

127 3194 330 3254 Alexandrum
362 3207 392 3254 et
419 3195 566 3272 Antipatri
598 3199 636 3257 ad
670 3198 868 3259 Cassandrum
899 3208 929 3258 et
955 3199 1098 3276 Antigoni
1128 3204 1167 3262 ad
1180 3233 1212 3282 30

128 3290 299 3368 Philippum
324 3291 425 3365 filium,
447 3292 533 3352 trium
559 3294 934 3369 prudentissimomnr-sic
955 3295 1034 3357 enim
1055 3298 1168 3375 accepi·
1234 3314 1236 3319 '

126 3406 248 3461 mus—,
271 3386 376 3462 quibus
403 3387 586 3464 praecipiunt
612 3399 645 3448 ut
667 3390 799 3449 oratione
822 3389 950 3467 benigna
973 3391 1167 3453 multitudinis

124 3482 244 3544 animos
270 3483 309 3541 ad
337 3483 572 3544 benevolentiam
600 3485 728 3545 alliciant
752 3485 917 3562 militesque
940 3486 1049 3547 blande
1069 3489 1167 3565 appel-

122 3579 218 3642 lando
233 3578 390 3638 deleniant.
434 3581 519 3653 Quae
533 3591 631 3644 autem
650 3580 680 3639 in
694 3581 882 3642 multitudine
896 3602 963 3641 cum
977 3583 1166 3645 contentione

121 3677 252 3738 habetur
272 3673 375 3748 oratio,
390 3693 425 3734 ea
445 3694 532 3751 saepe
552 3675 717 3736 universam
731 3676 847 3736 excitat.
891 3679 1003 3755 Magna
1022 3689 1066 3738 est
1086 3679 1163 3739 enim
1177 3695 1208 3749 35
1249 3693 1251 3696 ⁴

171 3839 187 3891 7
203 3823 329 3890 graviores
339 3824 387 3871 alil
394 3831 478 3872 contra
489 3826 552 3874 codd.
579 3829 590 3886 ΙΙ
617 3840 633 3888 9
650 3833 703 3875 tum
713 3827 792 3890 vulgo,
807 3841 864 3875 cum
876 3830 916 3877 Ba
928 3836 983 3892 post
995 3830 1175 3880 Contrarium

119 3909 133 3968 Ι
147 3907 180 3959 26
193 3904 320 3956 contentio
332 3904 469 3966 [orationis]
480 3906 559 3954 Heine
568 3907 608 3954 Lu
660 3911 669 3965 ΙΙ
723 3921 752 3972 35
770 3908 864 3960 excitat
875 3909 986 3975 gloriam
998 3912 1026 3960 St
1039 3927 1097 3960 cum
1110 3911 1182 3958 codd.
