2670 4296
151 239 167 299 I
181 257 223 299 xv
237 237 289 320 48]
427 243 487 303 siue
504 244 538 301 de
555 245 615 303 eius
626 251 714 321 parte
736 246 916 322 Beneficenlia
1159 268 1194 326 19

148 406 229 466 Talis
249 417 348 468 autem
369 407 516 492 simulatio
529 410 650 471 vanitati
666 421 710 471 est
728 410 912 470 coniunctior
925 431 1015 488 quam
1029 423 1079 470 aut
1093 411 1194 473 libera-

148 502 222 562 litati
236 514 286 564 aut
299 505 453 566 honestati.
557 579 560 586 Ι

173 663 192 706 c
225 663 274 705 m
301 664 306 674 ,
332 664 360 706 be
458 620 504 681 45.
547 603 680 665 Tertium
699 614 743 664 est
765 603 956 680 propositum,
974 614 1006 663 ut
1030 602 1061 663 in
1084 604 1193 666 benefi-

147 671 360 804 ffiofipruoniaiine
398 702 495 761 centia
509 701 632 762 dilectus
646 713 723 762 esset
737 701 905 778 dignitatis:
927 701 957 760 in
972 721 1031 777 quo
1045 713 1075 762 et
1096 722 1192 763 mores

147 764 364 856 allifllllrli'r
397 797 459 858 eius
480 807 564 858 eruut
582 797 743 874 spectandi,
765 798 797 856 in
813 816 903 873 quem
925 797 1101 857 beneficium
1123 817 1192 858 con·
1222 812 1235 860 5

147 864 228 905 'ml
236 874 331 917 Μ
396 896 511 966 seretur,
529 906 558 954 et
576 895 692 954 animus
716 914 783 971 erga
805 914 859 954 nos
883 905 913 954 et
936 896 1133 956 communitas
1156 916 1192 956 ac

147 988 272 1050 societas
285 989 362 1050 vitae
382 1001 411 1050 et
432 991 471 1049 ad
491 1002 604 1050 nostras
625 991 763 1051 utilitates
778 990 874 1050 officia
887 1002 955 1050 ante
969 994 1093 1052 collata:
1115 1013 1192 1070 quae

147 1097 179 1145 ut
206 1096 381 1145 concurrant
408 1085 508 1145 omnia
535 1087 663 1162 optabile
690 1098 751 1166 est:
786 1087 810 1145 si
834 1087 940 1160 minus,
965 1090 1062 1164 plures
1086 1108 1193 1150 causae

96 1186 134 1236 {V
147 1181 330 1259 maioresque
353 1183 492 1259 ponderis
518 1185 584 1259 plus
611 1184 768 1243 habebunt.
826 1186 872 1255 46.
916 1184 1066 1258 Quoniam
1093 1198 1192 1246 autem

147 1277 252 1338 vivitur
271 1298 332 1337 non
351 1298 420 1337 curn
440 1279 575 1356 perfectis
589 1279 759 1339 hominibus
773 1281 919 1357 planeque
935 1281 1123 1357 sapientibus,
1138 1284 1191 1342 sed
1205 1295 1235 1328 10

146 1393 215 1432 eum
228 1373 264 1432 iis
274 1373 305 1432 in
315 1374 422 1450 quibus
432 1377 578 1452 praeclare
589 1375 682 1452 agitur
692 1375 716 1434 si
726 1387 794 1435 suut
805 1375 959 1435 simulacra
969 1376 1090 1451 virtutis,
1102 1377 1192 1438 etiarn

146 1469 204 1529 hoc
223 1469 454 1547 intellegendum
472 1484 554 1548 put0,
574 1471 724 1531 neminem
743 1471 865 1531 omnino
884 1491 949 1532 esse
965 1474 1189 1550 neglegendum,

145 1565 178 1627 in
201 1584 262 1642 quo
288 1566 388 1643 aliqua
414 1567 586 1644 significatio
606 1567 719 1627 virtutis
745 1578 890 1644 appareat,
912 1569 1072 1628 colendum
1092 1581 1190 1629 autem

170 1713 189 1742 a
217 1701 295 1742 Mora!
307 1701 358 1742 „w
395 1684 459 1724 esse
480 1663 521 1723 ita
540 1683 688 1740 quemque
709 1663 843 1736 maxime,
865 1675 898 1722 ut
920 1665 1042 1740 quisque
1062 1665 1190 1726 maxime

145 1755 225 1792 '‘m''
395 1761 548 1821 virtutibus
569 1761 614 1820 his
635 1761 794 1821 lenioribus
812 1760 866 1820 erit
885 1772 1013 1834 omatus,
1035 1762 1189 1835 modestia,
1205 1776 1231 1823 ¹⁵

145 1858 346 1935 temperantia,
368 1859 424 1917 hac
444 1858 515 1935 ipsa,
537 1859 576 1917 de
597 1876 655 1933 qua
675 1858 768 1916 multa
788 1856 846 1915 iam
867 1857 947 1916 dicta
974 1867 1050 1927 sunt,
1071 1857 1187 1919 iustitia

147 1956 227 2013 Nam
253 1954 334 2014 fortis
358 1954 473 2014 animus
497 1965 527 2014 et
551 1973 673 2031 magnus
697 1953 728 2011 in
750 1952 956 2012 homine'non
981 1955 1111 2029 perfecto
1133 1974 1189 2014 nec

145 2051 270 2128 sapienti
291 2051 448 2111 ferventior
467 2053 640 2128 plerumque
661 2061 714 2122 est,
736 2048 802 2108 illae
822 2048 942 2108 virtutes
963 2049 1074 2109 bonum
1094 2049 1189 2110 virum

158 2185 180 2225 g
193 2183 347 2235 Themi„
394 2147 531 2208 videntur
548 2146 646 2224 potius
663 2146 810 2222 attingere.
853 2148 952 2221 Atque
969 2147 1042 2205 haec
1058 2146 1089 2205 in
1103 2147 1189 2206 mori·

144 2235 279 2276 mm
394 2244 456 2303 bus.
499 2259 546 2315 47.
590 2242 638 2298 De
658 2237 863 2299 benevolentia
883 2250 990 2311 autern,
1007 2258 1095 2315 quam
1112 2241 1231 2316 quis-20

144 2362 202 2419 que
216 2342 322 2402 habeat
336 2360 404 2418 erga
417 2358 480 2409 noS,
496 2336 624 2413 primum
638 2335 711 2394 illud
725 2347 769 2394 est
783 2333 814 2392 in
828 2333 925 2392 officio
939 2345 972 2393 ut
986 2334 1014 2392 ei
1027 2334 1186 2411 plurimum

144 2439 304 2499 tribuamus
324 2457 342 2496 a
362 2455 422 2512 quo
442 2432 600 2511 plurimum
617 2431 771 2507 diligamur
779 2451 788 2504 ;
809 2430 861 2489 sed
876 2430 1111 2490 benevolentiam
1125 2451 1186 2490 non

144 2536 430 2596 adulescentulorum
450 2549 531 2590 more
551 2529 654 2588 ardore
674 2527 805 2603 quodam
824 2525 939 2598 amoris,
958 2527 1012 2586 sed
1030 2525 1185 2588 stabilitate

168 2682 186 2713 e
210 2667 356 2709 masmim
392 2627 490 2705 potius
509 2637 538 2685 et
557 2622 723 2683 constantia
742 2621 914 2682 iudicemus
958 2623 1008 2681 Sin
1023 2634 1106 2683 erunt
1127 2643 1186 2683 me,

142 2717 355 2762 ⁶⁰⁰⁸⁰2⁶¹³1l¹¹d⁸
391 2724 455 2796 rita,
480 2733 512 2780 ut
536 2740 597 2779 non
619 2719 756 2791 ineunda,
778 2718 833 2777 sed
850 2719 1002 2777 reserenda
1022 2718 1059 2777 sit
1085 2718 1183 2795 gratia,
1200 2736 1227 2784 25

140 2779 227 2871 inii&
243 2780 355 2817 necessary
392 2818 485 2877 maior
512 2816 658 2894 quaedam
684 2832 755 2871 cura
781 2812 950 2871 adhibenda
976 2823 1039 2884 est;
1072 2814 1185 2871 nullum

141 2918 223 2982 enim
234 2918 361 2980 officium
369 2914 521 2976 reserenda
530 2911 621 2988 gratia
630 2909 722 2986 magis
732 2907 926 2967 necessarium
936 2918 987 2967 est.
1024 2909 1070 2980 48.
1094 2909 1185 2983 Quod

141 3017 165 3076 si
183 3035 219 3076 ea
236 3034 312 3091 quae
329 3012 439 3072 utenda
460 3007 606 3084 acceperis
624 3005 734 3064 maiore
756 3023 900 3075 mensura,
920 3002 945 3062 si
969 3004 1061 3062 modo
1080 3003 1184 3080 possis,

139 3113 222 3173 iubet
242 3113 364 3171 reddere
394 3106 554 3176 Hesiodus,
577 3101 720 3178 quidnam
747 3098 891 3159 beneficio
918 3098 1068 3174 provocati
1088 3101 1184 3158 facere

139 3209 305 3271 debemus?
344 3224 383 3263 an
410 3200 516 3260 imitari
543 3217 627 3275 agros
651 3196 767 3270 fertileS,
788 3194 839 3271 qui
859 3197 953 3253 multo
973 3196 1039 3271 plus
1060 3197 1183 3255 effemnt
1195 3217 1227 3266 30

139 3323 231 3380 quam
245 3302 442 3377 acceperunt?
473 3295 591 3355 Etenim
606 3293 630 3352 si
644 3293 674 3351 in
689 3311 749 3364 e05,
765 3311 839 3367 quos
853 3309 1003 3366 speramus
1017 3291 1103 3351 nobis
1117 3311 1183 3368 pro·

138 3404 260 3472 futuros,
284 3417 345 3457 non
372 3392 540 3454 dubitamus
567 3389 664 3449 officia
690 3389 831 3459 conferre,
854 3389 955 3462 quales
982 3386 1012 3444 in
1038 3406 1091 3446 eos
1117 3407 1183 3448 esse

164 3513 280 3563 Liberality
301 3522 351 3551 con·
390 3490 533 3549 debemus
551 3485 603 3562 qui
622 3485 680 3542 iam
700 3485 892 3559 prosuerunt?
932 3484 1011 3540 Nam
1032 3502 1100 3541 cum
1121 3485 1182 3542 duo

136 3564 267 3664 ξζζᾙὲὴξζ
279 3559 351 3652 iffi.
390 3603 497 3661 genera
517 3580 695 3641 liberalitatis
716 3579 781 3651 sint,
804 3598 896 3636 unum
918 3578 1009 3637 dandi
1036 3579 1179 3650 beneficii,

185 3757 328 3820 4delectus
348 3756 385 3805 Or
389 3772 402 3815 ,¹
423 3754 527 3804 dilectus
544 3753 586 3802 Ba
621 3755 631 3808 ΙΙ
670 3750 698 3798 18
716 3749 826 3812 sapiente
840 3749 928 3812 vulgro;
949 3747 1054 3811 sapienti
1071 3748 1119 3808 Ba,
1138 3750 1182 3810 qui

140 3839 254 3889 Tullium
270 3845 363 3901 semper
377 3837 495 3900 smpslsse
514 3830 644 3898 ‘sapienti’
667 3828 791 3880 ‘vecordi’
812 3827 967 3894 ‘praecipiti’
988 3829 1079 3877 similzb
1095 3835 1180 3884 censet,

135 3920 180 3968 ubi
188 3920 285 3984 quidem
297 3919 409 3967 adiectior'
418 3919 502 3975 locum,
518 3931 567 3963 non
578 3913 779 3962 substantiolam
789 3910 979 3975 veriparticrjair',
992 3910 1123 3958 obtineant.

1021 4029 1097 4067 2-2
1269 3990 1326 4044 Ι
