2670 4296
113 209 268 293 111172]
290 231 387 295 'quae
404 213 435 272 in
455 210 568 290 negotiis
581 215 704 290 publicis
718 215 848 291 gerendis
866 222 999 276 cernatur
1116 227 1156 294 '27

111 377 220 478 ffiffg
230 378 324 480 ἓξὲξ·
361 381 537 442 removerint
560 384 600 443 ad
621 382 774 460 otiumque
792 386 988 463 perfugerint:
1008 384 1040 447 in
1060 387 1106 448 his
1126 399 1157 449 et

110 488 159 568 22¹5
171 479 325 580 ffinssgmggvffi
362 477 536 540 nobilissimi
548 478 717 556 philosophi
731 482 877 558 longeque
891 481 1037 559 principes
1051 494 1081 543 et
1094 483 1157 561 qui·

109 579 321 630 ragmnupmcee
362 575 432 634 dam
460 573 595 634 homines
619 574 711 634 severi
731 585 761 634 et
781 595 882 652 graves
902 595 958 635 nec
978 576 1080 653 populi
1100 597 1156 638 nec

109 667 276 746 principum
290 689 387 730 mores
401 672 474 730 ferre
488 681 646 746 potuerunt
660 670 852 748 vixeruntque
871 692 932 732 non
946 672 1019 732 nulli
1033 672 1064 733 iu
1080 674 1155 752 agris

110 765 249 825 delectati
262 786 293 826 re
307 786 361 825 sua
373 766 515 826 familiari
559 783 605 840 70.
629 766 687 825 His
706 766 786 827 idem
804 768 988 845 propositum
1002 769 1056 829 fuit
1072 771 1156 847 quod
1184 801 1198 850 5

109 860 234 939 regibus,
250 872 283 921 ut
301 881 339 923 ne
355 881 416 939 qua
432 882 464 922 re
480 873 606 939 egerent,
622 881 660 921 ne
676 863 725 922 cui
737 876 880 940 parerent,
896 864 1028 926 libertate
1042 876 1155 926 uteren-

25 966 98 1018 xxl
110 968 163 1029 tur,
185 957 269 1017 cuius
289 958 439 1035 proprium
459 968 504 1017 est
524 957 566 1017 sic
585 958 690 1031 vivere,
712 971 745 1019 ut
764 960 844 1020 velis.
887 961 986 1036 Quare
1007 981 1076 1021 cum
1096 963 1155 1023 hoc

107 1072 269 1114 commune
289 1054 326 1114 sit
346 1054 495 1130 potentiae
516 1053 691 1130 cupidorum
712 1075 781 1114 cum
801 1055 836 1115 iis
856 1075 931 1132 quos
955 1056 1015 1116 dixi
1042 1058 1151 1133 otiosis,

134 1197 270 1249 common
285 1197 321 1238 bg
358 1150 440 1210 alteri
460 1170 492 1211 se
512 1150 635 1227 adipisci
654 1150 686 1211 id
707 1171 793 1228 posse
820 1153 1001 1227 arbitrantur,
1030 1153 1055 1213 si
1082 1174 1153 1232 opes
1212 1134 1213 1138 Ἰ

107 1248 230 1340 mg?
243 1249 321 1339 ¹23ng
358 1266 479 1325 magnas
500 1247 636 1320 habeant,
658 1248 748 1320 alteri,
771 1248 796 1307 si
817 1248 949 1308 contenti
969 1249 1027 1309 sint
1047 1261 1076 1310 et
1097 1271 1152 1313 suo
1168 1284 1197 1320 ω

108 1347 162 1390 Lise-
359 1354 388 1403 et
408 1362 505 1420 parvo.
549 1345 586 1402 In
607 1364 667 1421 quo
688 1355 858 1403 neutrorum
878 1344 1001 1405 omnino
1021 1356 1153 1406 contem·

107 1421 227 1514 ,ὴῗῗζξξ
238 1421 323 1513 ffissi
360 1440 459 1499 nenda
478 1439 623 1500 sententia
643 1452 695 1514 est,
717 1442 771 1501 sed
789 1452 819 1501 et
837 1441 948 1501 facilior
965 1452 996 1502 et
1013 1442 1103 1502 tutior
1122 1454 1152 1505 et

107 1523 320 1632 ζξζζᾝξὲζζὲ
357 1537 455 1596 minus
468 1537 531 1597 aliis
544 1537 638 1615 gravis
651 1549 702 1598 aut
716 1540 840 1598 molesta
849 1539 908 1599 vita
922 1552 966 1599 est
980 1538 1150 1614 otiosorum,

106 1623 319 1724 gzffioe‘ffi}
357 1634 531 1694 fructuosior
551 1645 651 1694 autem
671 1635 827 1695 hominum
847 1636 946 1712 generi
967 1646 996 1696 et
1016 1638 1055 1696 ad
1071 1637 1152 1696 clari·

106 1721 319 1814 ffiaffk‘ssffiffi
357 1742 448 1791 tatem
468 1730 752 1807 amplitudinemque
772 1732 867 1808 aptior
882 1752 994 1803 eorum,
1002 1732 1053 1810 qui
1066 1753 1098 1794 se
1111 1735 1151 1793 ad
1166 1756 1192 1806 ¹5

106 1823 323 1914 ffiffitgffl
356 1843 419 1883 rem
432 1824 581 1901 publicam
595 1836 624 1884 et
637 1826 677 1885 ad
691 1844 811 1901 magnas
825 1843 870 1884 res
884 1826 1026 1901 gerendas
1036 1845 1150 1886 accom-

133 1945 159 1988 1,
167 1946 224 1988 m,
235 1960 293 1987 cm,
305 1960 319 1987 2
356 1922 557 1981 modaverunt.
600 1938 646 1995 71.
670 1920 856 1996 Quapropter
870 1931 898 1980 et
907 1920 942 1979 iis
950 1920 1070 1980 forsitan
1081 1941 1151 1982 con·

106 1997 319 2088 ffidmsssi'mb‘ffl
356 2019 525 2078 cedendum
539 2017 575 2077 sit
589 2038 651 2077 rem
669 2017 819 2094 publicam
839 2037 900 2077 non
920 2018 1148 2094 capessentibus,

106 2096 269 2148 ³⁸²²h⁸s‘²“·'
357 2114 408 2191 qui
434 2113 588 2174 excellenti
615 2113 733 2190 ingenio
760 2113 911 2173 doctrinae
938 2134 1002 2174 sese
1030 2116 1150 2177 dedide-

107 2222 183 2284 runt,
205 2222 235 2272 et
255 2211 289 2272 iis
307 2212 358 2289 qui
379 2222 429 2271 aut
442 2209 617 2270 valetudinis
631 2209 829 2270 imbecillitate
843 2221 894 2269 aut
908 2210 1006 2286 aliqua
1018 2212 1148 2288 graviore
1161 2240 1193 2275 ao

105 2326 196 2368 causa
225 2307 359 2384 impediti
385 2326 404 2365 a
429 2327 461 2367 re
487 2306 605 2382 publica
630 2316 819 2378 recesserunt,
840 2325 910 2365 cum
936 2306 1000 2365 eius
1026 2307 1149 2366 admini-

105 2405 242 2465 strandae
268 2415 444 2480 potestatem
471 2403 533 2461 aliis
560 2403 739 2478 laudemque
772 2403 975 2462 concederent
1032 2404 1148 2478 Quibus

106 2512 206 2561 autem
220 2501 291 2560 ‘talis
311 2502 392 2559 nulla
418 2498 455 2559 sit
481 2518 578 2572 causa,
606 2498 631 2557 si
659 2497 809 2574 despicere
836 2518 868 2558 se
895 2499 995 2559 dicant
1015 2519 1051 2559 ea
1071 2519 1148 2576 quae

105 2585 239 2676 plerique
256 2596 405 2669 mirentur,
427 2594 548 2672 imperia
567 2607 597 2654 et
617 2594 809 2671 magistratus,
830 2594 865 2653 iis
886 2614 947 2654 non
967 2596 1059 2656 modo
1086 2616 1147 2660 non

105 2693 195 2767 laudi,
225 2713 327 2753 verum
353 2692 442 2752 etiam
468 2690 539 2751 vitio
567 2691 700 2750 dandum
719 2701 800 2767 puto.
851 2692 986 2765 Quorum
1004 2691 1147 2752 iudicium
1159 2710 1190 2762 ²5

105 2789 137 2852 in
157 2810 202 2864 e0,
224 2791 306 2866 quod
324 2789 445 2867 gloriam
461 2798 652 2848 contemnant
670 2797 700 2846 et
720 2806 773 2862 pro
792 2786 884 2846 nihilo
901 2798 1014 2863 putent,
1029 2787 1147 2849 difficile

104 2888 183 2946 factu
204 2898 327 2946 estnon
346 2885 478 2962 probare,
500 2884 554 2943 sed
573 2882 710 2942 videntur
729 2883 843 2942 labores
863 2893 892 2942 et
910 2883 1067 2956 molestias,
1082 2895 1146 2944 tum

104 2981 300 3043 offensionum
316 2992 346 3041 et
364 2982 544 3057 repulsarum
565 2978 649 3056 quasi
670 2979 819 3055 quandam
838 2977 1030 3055 ignominiam
1043 2979 1146 3041 timere

102 3088 133 3140 et
153 3077 312 3137 infamiam.
355 3079 429 3136 Sunt
449 3074 539 3148 enim,
561 3063 615 3151 qui
632 3074 663 3132 in
683 3074 770 3133 rebus
791 3073 941 3132 contrariis
962 3093 1066 3150 parum
1090 3076 1145 3136 sibi

102 3185 247 3246 constent,
268 3175 449 3248 voluptatem
470 3170 650 3230 severissime
677 3181 877 3241 contemnant,
899 3168 930 3227 in
958 3171 1060 3231 dolore
1087 3171 1144 3233 sint
1157 3193 1189 3241 30

102 3269 258 3342 molliores,
286 3269 408 3346 gloriam
435 3268 598 3344 neglegant,
626 3267 794 3342 frangantur
827 3264 956 3337 infamia,
984 3278 1074 3342 atque
1108 3287 1145 3328 ea

120 3395 198 3462 m
210 3417 276 3469 ought
292 3427 315 3459 ω
351 3363 474 3440 quidem
504 3381 565 3422 non
594 3361 663 3421 satis
693 3371 868 3421 constanter.
925 3378 971 3435 72·
1013 3362 1073 3422 Sed
1099 3362 1143 3438 iis,

101 3483 161 3511 terve
175 3471 198 3516 it.
214 3469 261 3510 who
278 3482 314 3508 are
352 3459 404 3536 qui
430 3460 540 3520 habent
566 3479 585 3518 a
612 3469 715 3517 natura
737 3458 909 3518 adiumenta
928 3477 1025 3518 rerum
1045 3479 1144 3536 geren-

101 3518 207 3570 naturally
215 3517 314 3571 qualified

100 3570 135 3661 qq
160 3569 311 3660 thesfiserrice-
352 3558 464 3629 darum,
491 3555 606 3616 abiecta
632 3554 715 3615 omni
741 3554 928 3615 cunctatione
959 3555 1144 3632 adipiscendi

99 3630 315 3722 „sidiih‘i‘lfili
351 3652 535 3730 magistratus
562 3662 591 3711 et
618 3651 746 3728 gerenda
772 3670 818 3712 res
843 3650 962 3728 publica
987 3661 1032 3710 est
1039 3672 1050 3726 3
1086 3648 1142 3710 nec
1153 3682 1184 3734 35

152 3817 162 3852 1
186 3796 531 3864 removerunt-perfugerant
552 3798 589 3847 Or
605 3803 689 3846 contra
710 3795 775 3846 codd.
811 3799 821 3855 l
857 3811 887 3860 ²3
909 3803 945 3846 est
968 3811 1040 3846 eausa
1060 3796 1142 3847 Ila'ne

93 3888 152 3948 post
163 3880 314 3932 Manutium
761 3885 762 3888 ’
