2670 4296
96 214 114 275 1
128 229 214 272 xxrx
231 209 300 294 102]
533 218 584 275 De
600 218 708 276 Decoro
1105 237 1142 295 37

98 306 741 340 4——

93 402 213 458 oorum,
226 385 310 460 quod
329 386 426 444 elucet
441 384 472 443 in
485 384 553 458 vita,
570 396 670 444 movet
689 385 934 462 adprobationem
953 405 1064 458 eorum,
1080 385 1145 462 qui-

93 479 225 540 buscum
241 479 355 552 vivitur,
371 480 475 541 ordine
493 492 523 540 et
540 481 706 541 constantia
725 492 755 540 et
774 481 978 543 moderatione
997 481 1144 543 dictorum

94 575 233 636 omnium
252 587 343 653 atque
361 579 512 637 factorum
556 597 603 653 po
644 577 826 638 Adhibenda
838 589 884 638 est
895 578 984 656 igitur
995 580 1144 656 quaedam

93 672 261 733 reverentia
272 675 411 734 adversus
424 673 561 734 homines
574 685 605 734 et
620 674 725 751 optimi
744 675 888 752 cuiusque
905 687 936 736 et
955 676 1142 752 reliquorum

95 770 180 828 Nam
205 771 370 846 neglegere,
383 769 457 846 quid
476 771 516 831 de
535 789 568 829 se
588 770 713 847 quisque
733 771 849 845 sentiat,
870 790 932 831 non
951 773 1049 831 solum
1068 791 1144 833 arro
1171 793 1185 842 5

95 863 195 942 gantis
220 876 275 937 est,
303 866 358 925 sed
382 865 473 926 etiam
500 865 622 925 omnino
648 865 790 939 dissoluti
847 869 901 926 Est
927 879 1026 928 autem
1059 868 1143 945 quod

95 959 214 1020 differat
240 960 273 1020 in
292 961 448 1020 hominum
467 961 580 1021 ratione
600 963 739 1022 habenda
757 962 834 1022 inter
853 962 995 1023 iustitiam
1013 975 1045 1024 et
1063 983 1143 1024 vere·

94 1055 247 1117 cirndiam
290 1057 423 1116 Iustitiae
448 1069 546 1134 partes
572 1068 642 1116 sunt
667 1077 730 1117 non
755 1058 865 1119 violare
890 1059 1034 1131 homines,
1062 1077 1141 1118 vere·

93 1151 225 1212 cundiae
245 1171 307 1212 non
327 1155 487 1226 offendere,
505 1152 537 1211 in
557 1173 618 1230 quo
638 1153 764 1213 maxime
777 1153 821 1212 vis
840 1154 1012 1230 perspicitur
1031 1152 1139 1214 decori

96 1248 158 1308 His
177 1248 266 1326 igitur
284 1249 425 1326 expositis
444 1252 532 1327 quale
552 1250 590 1310 sit
608 1251 649 1324 id,
671 1253 754 1327 quod
774 1252 879 1312 decere
901 1250 1035 1326 dicimus,
1059 1251 1142 1312 intel·
1157 1275 1186 1314 ιο

95 1348 209 1407 lectum
222 1359 304 1425 puto.

413 1467 476 1506 roo.
521 1447 660 1508 Officium
681 1459 789 1520 autem,
804 1449 888 1523 quod
903 1448 941 1507 ab
958 1467 997 1508 eo
1015 1447 1140 1522 ducitur,

95 1534 313 1638 mffissylffi
349 1547 426 1605 hanc
440 1546 568 1623 primum
581 1547 671 1605 habet
689 1545 776 1617 viam,
792 1564 868 1621 quae
882 1545 1003 1605 deducit
1019 1547 1060 1605 ad
1072 1564 1141 1604 con-

95 1644 181 1688 ’Μ
348 1641 527 1702 venientiam
540 1641 853 1717 conservationemque
868 1653 997 1703 naturae.
1041 1642 1140 1717 Quam

94 1717 310 1812 saw&
273 1727 310 1771 ’ω
347 1737 372 1796 si
392 1738 550 1813 sequemur
570 1738 686 1810 ducem,
701 1757 865 1815 numquam
883 1736 1081 1797 aberrabimus
1098 1757 1142 1798 se
1154 1760 1183 1807 ¹⁵

288 1853 533 1910 hquemurque
559 1844 589 1893 et
615 1834 657 1904 id,
681 1836 764 1911 quod
790 1846 911 1893 acutum
938 1846 969 1894 et
988 1835 1142 1912 perspicax

286 1933 453 2018 ¹{natura
478 1946 532 2007 est,
559 1946 590 1994 et
611 1934 652 2001 id,
666 1936 749 2012 quod
772 1936 812 1994 ad
832 1935 989 1995 hominum
1010 1935 1142 1995 consoci-

285 2030 478 2160 {ationem
511 2033 779 2140 accommodatum,
811 2043 842 2092 et
874 2031 908 2092 id
939 2033 1023 2136 quod
1055 2033 1142 2136 vehe-

91 2257 129 2290 a
143 2256 228 2287 ιω-
203 2255 301 2286 -xxxsv
345 2223 402 2281 hac
434 2222 511 2282 inest
536 2234 627 2299 parte,
655 2223 694 2283 de
721 2241 781 2299 qua
807 2223 1008 2299 disputamus3
1041 2240 1140 2298 neque
1153 2244 1185 2280 ιο

114 2322 141 2364 R
161 2321 308 2372 Marany
346 2319 428 2379 enim
441 2321 538 2377 solum
551 2318 689 2395 corporis,
706 2338 757 2395 qur
749 2319 810 2378 ad
828 2329 962 2378 naturam
980 2317 1041 2394 apti
1061 2328 1138 2390 sunt,

91 2372 310 2482 iioi’sffiirss
346 2416 401 2474 sed
421 2417 516 2474 multo
534 2414 626 2474 etiam
645 2415 738 2491 magis
757 2414 849 2473 animi
868 2425 967 2474 motus
984 2411 1138 2490 probandi,

76 2473 160 2575 ieian
157 2472 310 2612 sitaihgfke}
295 2510 400 2612 qui
413 2510 485 2570 item
498 2512 538 2570 ad
558 2523 692 2569 naturam
712 2509 930 2569 accommodati
950 2520 1027 2568 sunt
1072 2528 1137 2571 101.

90 2573 310 2723 fflgffiii
283 2674 307 2714 n
348 2607 468 2682 Duplex
493 2618 539 2666 est
557 2606 639 2666 enim
664 2606 708 2665 vis
726 2607 892 2666 animorum
912 2620 1001 2684 atque
1019 2619 1139 2669 natura:

103 2757 245 2789 mm
219 2759 292 2788 xin
346 2722 407 2761 una
427 2723 493 2779 pars
513 2704 545 2762 in
565 2702 697 2780 appetitu
716 2704 813 2779 posita
832 2714 885 2777 est,
905 2723 982 2780 quae
1002 2716 1047 2764 est
1064 2703 1139 2782 ὄρμη
1152 2725 1182 2774 ι5

349 2802 471 2873 Graeoe,
495 2820 572 2877 quae
593 2800 744 2860 hominem
765 2802 824 2860 huc
847 2812 877 2860 et
898 2800 967 2860 illuc
994 2801 1077 2878 rapit,
1101 2803 1141 2860 al·

91 2908 158 2960 tera
184 2897 217 2956 in
243 2897 366 2971 ratione,
394 2917 472 2974 quae
506 2899 594 2957 docet
626 2909 658 2958 et
691 2900 828 2975 explanat
865 2897 938 2974 quid
971 2898 1140 2957 faciendum

90 2995 331 3073 fugiendumque
351 2995 399 3054 sit.
454 2997 501 3054 Ita
521 2997 554 3054 fit
576 3006 610 3054 ut
629 2995 703 3055 ratio
723 2995 839 3071 praesit,
860 2994 1008 3071 adpetitus
1027 2995 1140 3055 obtem-

11 3104 79 3154 XIX
91 3103 185 3170 peret
229 3092 336 3153 Omnis
363 3103 463 3151 autem
476 3091 555 3150 actio
581 3111 684 3151 vacare
711 3092 800 3152 debet
827 3091 990 3152 temeritate
1014 3103 1046 3152 et
1072 3110 1141 3170 neg-

89 3189 223 3268 legentia
243 3208 300 3250 nec
321 3209 392 3249 vero
413 3209 499 3266 agere
523 3189 691 3265 quicquam,
716 3189 800 3248 cuius
821 3208 883 3249 non
906 3188 999 3266 possit
1019 3208 1139 3249 causam
1152 3206 1185 3258 30

90 3287 279 3365 probabilem
306 3288 448 3347 reddere:
482 3288 557 3346 haec
582 3298 628 3346 est
654 3286 735 3346 enim
763 3288 823 3345 fere
844 3285 1001 3362 descriptio
1027 3286 1124 3347 officii.

93 3405 162 3448 102.
206 3384 406 3444 Efficiendum
426 3395 527 3443 autem
546 3394 592 3443 est
612 3394 646 3442 ut
672 3383 820 3459 adpetitus
846 3382 953 3442 rationi
979 3383 1140 3444 oboediant

89 3468 220 3560 eamque
237 3501 336 3558 neque
356 3492 543 3558 praecurrant
562 3499 618 3539 nec
636 3491 755 3556 propter
772 3479 918 3557 pigritiam
930 3490 981 3540 aut
993 3479 1139 3557 ignaviam

88 3581 231 3642 deserant
264 3580 383 3656 sintque
409 3578 557 3654 tranquilli
579 3589 669 3654 atque
696 3577 779 3638 omni
805 3577 896 3637 animi
922 3577 1139 3655 perturbatione

139 3728 217 3780 6sed
239 3728 337 3792 [etiam]
358 3728 403 3778 Or.
449 3731 460 3784 Ι
508 3742 537 3789 13
554 3727 620 3775 viam
636 3727 677 3775 Ba
693 3725 1093 3786 HdmLummcoddnimZ
1126 3731 1136 3785 Ι

87 3824 121 3875 η
137 3819 243 3860 naturae
257 3811 289 3858 St
302 3825 359 3858 cunr
376 3808 451 3868 codd,
470 3807 529 3856 olim
541 3807 621 3856 Heine
653 3811 664 3865 Ι
699 3809 731 3857 28
747 3807 784 3856 ita
795 3805 984 3872 fit-discriptio
999 3805 1072 3855 officii
1085 3812 1141 3870 post

87 3893 256 3945 Facauatum
265 3893 363 3942 seclusit
374 3893 416 3941 Ba
456 3899 466 3951 11
503 3909 534 3958 34
545 3892 644 3959 [animi]
655 3896 738 3947 Hetne
