2670 4296
117 190 119 194 ⁸
175 211 212 269 72
411 210 412 214 ’
617 193 668 251 De
680 169 776 269 gloria
1066 188 1118 272 [ΙΙ·
1129 208 1162 251 rx
1178 211 1216 268 33

172 362 285 441 capitur
298 360 448 423 beneficiis
462 360 589 420 maxime
594 381 603 434 3
622 362 754 421 secundo
768 372 867 421 autem
881 363 949 422 loco
963 363 1114 422 voluntate
1129 361 1218 422 bene·

173 460 230 518 fica
243 457 448 519 benevolentia
461 467 605 530 movetur,
620 456 710 517 etiam
719 458 744 518 si
757 478 803 519 res
813 459 887 518 forte
901 476 962 517 non
981 457 1116 534 suppetit.
1159 459 1217 518 Ve-

174 556 327 617 hementer
344 542 445 615 autern
463 572 546 613 amor
564 553 760 613 multitudinis
781 565 984 614 commovetur
1004 553 1068 629 ipsa
1089 555 1167 612 sama
1186 563 1217 614 et

175 650 316 728 opinione
336 649 515 709 liberalitatis
544 648 764 722 beneticentiae,
785 649 910 709 iustitiae
934 648 1003 709 fidei
1023 648 1217 726 omniumque

174 766 275 807 earum
288 745 437 818 virtutum,
452 765 528 821 quae
548 744 696 822 pertinent
716 747 755 805 ad
774 745 1032 805 mansuetudinem
1051 762 1168 805 morum
1181 766 1216 805 ac
1246 769 1259 814 5

174 841 351 902 facilitatem.
394 841 513 901 Etenim
533 841 607 901 illud
627 841 731 917 ipsum,
740 843 821 916 quod
839 843 997 901 honestum
1016 843 1216 918 decorumque

175 940 309 1014 dicimus,
327 939 397 1016 quia
416 959 470 1016 per
489 959 521 1000 se
542 938 627 999 nobis
648 941 744 1016 placet
764 939 938 1015 animosque
959 937 1093 999 omnium
1113 951 1217 999 natura

175 1049 205 1099 et
232 1037 330 1115 specie
357 1056 410 1097 sua
437 1046 606 1097 commovet
640 1035 826 1112 maximeque
851 1035 935 1112 quasi
961 1037 1092 1112 perlucet
1118 1055 1155 1095 ex
1181 1034 1223 1106 iis,

175 1154 248 1211 quas
280 1132 518 1208 commemoravi,
538 1131 701 1205 virtutibus,
730 1132 840 1192 idcirco
860 1132 944 1205 illos,
972 1131 1003 1190 in
1031 1131 1139 1208 quibus
1166 1151 1216 1192 eas

175 1233 294 1293 virtutes
321 1248 385 1290 esse
412 1249 518 1302 remur,
540 1248 558 1288 a
577 1241 682 1289 natura
705 1228 768 1305 ipsa
792 1227 911 1305 diligere
935 1227 1074 1305 cogimur.
1116 1230 1216 1305 Atque
1232 1252 1261 1287 10

175 1328 230 1387 hae
245 1325 366 1402 quidem
385 1343 491 1384 causae
510 1323 652 1400 diligendi
670 1323 855 1400 gravissimae
864 1344 874 1396 3
896 1333 1021 1399 possunt
1037 1323 1117 1384 enim
1134 1343 1217 1400 prae·

423 1431 502 1481 terea
516 1439 577 1480 non
590 1422 689 1480 nullae
700 1440 765 1481 esse
775 1419 906 1481 leviores.
937 1439 983 1494 33.
1001 1419 1105 1481 Fides
1116 1431 1216 1479 autem

199 1521 225 1571 (ὃ)
243 1521 381 1562 Hortovln
424 1528 457 1578 ut
470 1517 612 1577 habeatur
629 1517 743 1576 duabus
757 1515 845 1574 rebus
858 1514 934 1575 effici
948 1526 1063 1592 potest:
1084 1515 1109 1574 si
1122 1515 1217 1575 existi·

173 1572 381 1614 conlidence.Tbe

174 1631 215 1711 {50⁰
232 1629 383 1721 llilcff‘ffli
421 1614 568 1676 mabimur
590 1612 691 1689 adepti
712 1612 902 1672 coniunctam
927 1631 996 1670 cum
1019 1611 1130 1671 iustitia
1150 1632 1216 1689 pru-

175 1720 383 1780 nmqenoerorthese
421 1711 560 1773 dentiam.
604 1711 682 1768 Nam
697 1719 726 1768 et
740 1708 775 1767 iis
789 1709 880 1768 tidem
893 1708 1045 1781 habemus,
1061 1727 1136 1785 quos
1148 1710 1215 1785 plus
1231 1733 1258 1782 15

173 1771 255 1867 ilici?
292 1783 311 1812 Β
347 1770 383 1811 ¹¹¹⁰
423 1808 591 1885 intellegere
619 1826 709 1882 quam
740 1826 794 1866 nos
825 1805 997 1865 arbitramur
1024 1824 1158 1883 quosque
1185 1817 1215 1867 et

423 1908 519 1965 futura
539 1904 705 1982 prospicere
725 1904 872 1964 credimus
901 1915 939 1978 et,
959 1924 1028 1964 cum
1048 1924 1093 1964 res
1114 1915 1216 1982 agatur

175 2003 205 2063 in
230 2002 446 2078 discrimenque
470 2013 591 2062 ventum
619 1999 664 2073 sit,
687 2000 825 2077 expedire
852 2020 914 2060 rem
938 2011 968 2060 et
995 2000 1151 2061 consilium
1178 2020 1216 2061 ex

174 2112 306 2176 tempore
330 2118 438 2185 ¹capere
465 2117 568 2175 posse:
603 2098 682 2155 hanc
709 2096 788 2156 enirn
817 2096 919 2156 utilem
946 2096 1082 2156 homines
1109 2096 1215 2156 existu-

174 2209 255 2257 mant
268 2216 426 2272 veramque
444 2195 638 2273 prudentiam.
682 2195 770 2255 Iustis
785 2207 883 2256 autern
902 2207 931 2256 et
951 2196 1016 2256 fidis
1035 2195 1213 2268 hominibus,
1227 2230 1258 2263 20

175 2293 206 2352 id
234 2304 278 2355 est
308 2293 394 2353 bonis
427 2292 504 2364 viris,
534 2292 574 2351 ita
601 2293 674 2352 fides
701 2293 832 2366 habetur,
866 2304 899 2352 ut
933 2295 1013 2351 nulla
1044 2292 1080 2351 sit
1114 2291 1145 2350 in
1179 2291 1214 2351 iis

174 2390 283 2449 sraudis
316 2388 497 2464 iniuriaeque
531 2386 661 2464 suspitio.
705 2389 810 2464 ltaque
843 2387 889 2447 his
923 2390 1047 2447 salutem
1073 2392 1212 2460 nostram,

174 2487 220 2546 his
239 2489 378 2559 fortunas,
397 2485 442 2545 his
462 2485 578 2557 liberoS,
598 2484 758 2544 rectissime
778 2484 923 2544 committi
943 2485 1121 2544 arbitramur.
1166 2504 1212 2559 34.

174 2585 291 2641 Harum
312 2581 397 2658 igitur
417 2582 541 2641 duarum
560 2581 598 2639 ad
617 2581 707 2639 fidem
726 2580 892 2640 faciendam
910 2579 1019 2640 iustitia
1032 2582 1097 2657 plus
1110 2581 1211 2656 pollet,

172 2679 280 2757 quippe
303 2698 372 2737 cum
395 2696 430 2737 ea
451 2676 515 2736 sine
537 2676 693 2752 prudentia
714 2677 783 2736 satis
805 2677 912 2736 habeat
935 2676 1113 2736 auctoritatis
1120 2700 1128 2753 ;
1149 2697 1256 2758 pru-25

172 2775 272 2836 dentia
285 2774 348 2834 sine
362 2773 471 2833 iustitia
485 2772 558 2831 nihil
572 2774 648 2832 valet
663 2773 700 2832 ad
718 2774 884 2833 faciendam
903 2775 1001 2832 fidem.
1045 2774 1114 2846 Quo
1132 2774 1213 2833 enim

172 2871 237 2948 quis
259 2869 401 2932 versutior
424 2880 453 2930 et
477 2868 610 2941 callidior
632 2879 684 2941 est,
708 2870 766 2928 hoc
790 2868 909 2928 invisior
932 2879 961 2929 et
982 2869 1144 2945 suspectior
1164 2871 1214 2931 de·

172 2979 264 3028 tracta
296 2966 436 3043 opinione
471 2963 630 3042 probitatis.
695 2966 793 3038 Quam
828 2966 867 3025 ob
901 2984 963 3025 rem
997 2965 1213 3044 intellegentiae

172 3063 280 3123 iustitia
300 3062 458 3122 coniuncta
474 3071 618 3138 quantum
636 3061 715 3120 volet
734 3060 856 3120 habebit
876 3061 915 3119 ad
935 3059 1100 3120 faciendam
1121 3063 1212 3121 fidem

153 3173 155 3177 ·
171 3159 290 3232 virium;
306 3157 415 3218 iustitia
428 3157 491 3218 sine
504 3155 660 3233 prudentia
673 3157 799 3215 multum
813 3156 928 3233 poterit,
941 3156 1003 3216 sine
1018 3156 1127 3217 iustitia
1140 3157 1213 3217 nihil
1226 3174 1257 3222 30

135 3262 160 3311 X
422 3253 530 3313 valebit
549 3252 714 3330 prudentia.
755 3269 801 3328 35.
824 3253 883 3312 Sed
902 3272 940 3312 ne
954 3253 1020 3328 quis
1038 3252 1075 3313 sit
1091 3253 1213 3313 admira·

172 3326 386 3429 iiiiihiiriiiiffi
420 3358 468 3410 tus
486 3368 546 3422 cur,
561 3367 631 3407 cum
649 3347 726 3408 inter
743 3367 846 3408 omnes
859 3349 1052 3426 philosophos
1065 3360 1180 3410 constet
1194 3369 1212 3409 a

222 3550 233 3586 r
256 3536 363 3586 secundo
385 3543 467 3586 autem
488 3536 552 3597 loco,
572 3537 647 3586 etiarn
669 3537 690 3586 si
711 3553 750 3587 res
771 3537 834 3586 forte
855 3552 905 3586 non
919 3536 1036 3602 suppetit,
1055 3537 1212 3588 vehementer

169 3617 387 3680 amorSauppeBa
399 3618 480 3666 Heine
483 3633 497 3677 ,·
510 3625 592 3668 autem
598 3625 655 3683 post
663 3617 821 3667 vehementer
831 3634 869 3666 om
879 3619 954 3666 coda
1021 3621 1030 3676 ΙΙ
1090 3634 1130 3679 ,ao
1140 3620 1211 3668 verba

168 3705 192 3745 et
205 3696 260 3745 fidis
274 3698 420 3746 secluserunt
433 3699 474 3746 Ba
490 3699 574 3758 Heine,
589 3699 659 3749 iustis
675 3706 757 3748 autem
768 3698 917 3759 hominibus,
930 3698 956 3747 id
972 3704 1009 3747 est
1025 3698 1105 3753 bonis.
1116 3701 1210 3750 Facut-

166 3780 239 3838 latus,
253 3776 323 3825 iustis
338 3784 428 3836 autem,
447 3776 473 3825 id
490 3785 534 3837 est,
547 3777 620 3828 bonis
630 3777 689 3828 viris
699 3777 814 3827 Pearcr'us
880 3781 891 3836 ll
958 3776 990 3826 26
1006 3778 1071 3829 valet
1082 3781 1123 3830 Ba
1134 3780 1213 3830 Heinc

167 3862 208 3912 Lu
218 3876 274 3909 cum
284 3859 347 3908 codd.
351 3894 359 3919 ,
373 3858 453 3909 valeat
467 3859 503 3909 Or
512 3859 536 3908 Z
