2670 4296
40 219 42 223 ’
109 213 279 298 11xx173]
496 226 587 294 'quae
604 226 686 295 opera
697 217 760 296 fiat
1112 221 1149 294 87

108 384 172 462 quit
193 384 285 443 ‘malo
305 383 409 458 virum,
430 383 482 461 qui
501 383 629 461 pecunia
656 396 748 462 egeat,
771 404 861 462 quam
888 385 1054 463 pecuniam,
1074 405 1152 463 quae

107 480 189 540 viro.'
230 480 290 541 Sed
304 481 433 557 corrupti
446 500 544 541 mores
559 481 769 559 depravatique
786 493 864 559 sunt
873 481 1067 542 admiratione
1081 481 1152 542 divi·

107 575 229 636 tiarum:
249 595 373 653 quarum
392 577 565 654 magnitudo
585 577 658 654 quid
676 579 716 638 ad
734 597 828 637 unum
850 597 998 655 quemque
1018 588 1150 639 nostrum

106 670 253 749 pertinet?
294 674 384 732 Illum
405 675 526 734 fortasse
548 673 676 746 adiuvat,
694 673 746 750 qui
767 674 863 735 habet
906 677 954 734 Ne
976 674 1008 735 id
1030 674 1150 753 quidem

109 785 233 844 semper.
275 768 336 828 Sed
349 768 396 827 fac
410 768 523 829 iuvare:
544 769 674 830 utentior
687 789 759 830 sane
773 769 819 843 sit,
834 769 985 830 honestior
1001 789 1073 830 vero
1090 790 1150 846 quo
1181 792 1196 842 5

108 864 219 923 modo?
260 865 351 939 Quod
369 864 393 924 si
414 865 504 924 etiam
525 867 622 926 bonus
642 865 697 926 erit
714 866 767 940 vir,
788 886 826 926 ne
848 866 1012 943 impediant
1032 866 1150 927 divitiae

109 978 169 1036 quo
180 958 279 1020 minus
289 960 413 1035 iuvetur,
435 961 528 1022 modo
548 982 588 1022 ne
608 962 758 1036 adiuvent,
778 963 876 1039 sitque
896 983 984 1024 omne
1008 963 1149 1023 iudicium

108 1075 179 1130 non,
193 1075 284 1132 quam
299 1057 439 1135 locuples,
454 1060 508 1119 sed
522 1058 616 1135 qualis
630 1059 755 1136 quisque
770 1059 814 1120 sit.
859 1062 1032 1120 Extremum
1050 1071 1149 1121 autem

106 1167 320 1258 beriuranrnrethtio
358 1167 549 1232 praeceptum
572 1155 604 1215 in
626 1155 778 1215 beneficiis
803 1175 951 1233 operaque
978 1158 1085 1233 danda,
1110 1179 1149 1220 ne

107 1219 321 1320 mlbhlillhyf
359 1252 432 1329 quid
446 1265 549 1313 contra
562 1253 741 1331 aequitatem
761 1255 933 1327 contendas,
948 1274 987 1315 ne
1006 1256 1079 1332 quid
1095 1277 1149 1334 pro
1166 1283 1194 1317 ro

107 1349 219 1411 iniuria
250 1353 490 1411 Fundamentum
506 1351 586 1411 enim
605 1362 649 1413 est
662 1364 821 1429 perpetuae
837 1353 1104 1414 commendationis
1120 1366 1150 1416 et

108 1449 204 1508 famae
217 1447 336 1522 iustitia,
352 1447 415 1508 sine
429 1469 489 1526 qua
502 1449 574 1509 nihil
589 1461 688 1526 potest
701 1469 766 1510 esse
780 1450 935 1511 laudabile.

27 1558 95 1608 χχι
117 1558 150 1650 (q
159 1558 324 1619 effhesum,
425 1563 471 1621 72.
507 1547 566 1607 Sed
589 1546 731 1624 quoniam
752 1548 790 1607 de
809 1567 846 1608 eo
867 1567 974 1626 genere
992 1549 1150 1611 beneficio·

108 1619 320 1701 lirulmmge'
359 1665 425 1705 rum
440 1645 553 1705 dictum
565 1657 618 1719 est,
630 1664 707 1721 quae
718 1646 757 1703 ad
772 1645 902 1722 singulos
916 1657 1058 1723 spectant,
1069 1647 1150 1707 dein-

109 1762 179 1820 ceps
193 1745 231 1804 de
245 1742 289 1816 iis,
305 1763 381 1820 quae
396 1743 434 1803 ad
448 1742 600 1802 universos
614 1762 750 1819 quaeque
764 1743 879 1803 adrem
899 1744 1049 1821 publicam
1064 1745 1148 1823 perti-
1165 1760 1192 1810 rs

108 1852 189 1913 nent,
207 1841 420 1917 disputandum
443 1851 495 1901 est
541 1843 651 1900 Eorum
673 1852 773 1899 autern
798 1839 930 1918 ipsorum
953 1841 1060 1919 partim
1086 1841 1148 1902 eius

109 1937 192 1999 modi
205 1950 281 2010 sunt,
297 1949 330 1998 ut
349 1940 389 1997 ad
403 1937 554 1997 universos
568 1936 647 1996 cives
660 1935 834 2013 pertineant,
848 1937 955 2014 partim
973 1938 1103 2016 singulos
1116 1956 1149 1998 ut

109 2036 262 2113 attingant,
278 2055 354 2113 quae
369 2046 437 2096 sunt
451 2035 541 2095 etiarn
555 2034 687 2112 gratiora
732 2036 841 2095 Danda
855 2054 945 2112 opera
958 2047 1003 2097 est
1016 2037 1147 2107 omnine,

196 2187 201 2197 .
241 2188 246 2198 .
292 2185 321 2227 be
359 2133 390 2192 si.
403 2131 504 2209 possit,
520 2130 659 2208 utrisque,
679 2149 735 2190 nec
753 2131 850 2191 minus
869 2142 903 2191 ut
923 2130 1012 2192 etiam
1029 2132 1148 2209 singulis

110 2187 171 2279 nl?
173 2187 216 2278 ‘ll‘
217 2201 258 2297 ‘1¹¹¹ss
264 2195 321 2277 ‘lake
360 2231 538 2302 consulatur,
554 2229 607 2288 sed
620 2227 669 2301 ita,
685 2239 718 2288 ut
732 2247 767 2288 ea
780 2248 826 2289 res
839 2239 890 2288 aut
903 2228 994 2305 prosit
1007 2240 1059 2289 aut
1071 2241 1149 2289 certe
1164 2253 1195 2287 ω

109 2288 134 2329 os
144 2288 235 2330 Citizens
244 2302 265 2328 ιιι
288 2301 322 2326 ar-

109 2302 322 2398 ticulanyvhtchdar
360 2347 398 2386 ne
420 2325 497 2386 obsit
517 2325 559 2385 rei
579 2325 722 2402 publicae.
768 2326 801 2387 C.
818 2324 945 2385 Gracchi
964 2326 1151 2396 frumentaria

110 2387 322 2487 lielillriminalriff
361 2443 469 2500 magna
496 2421 629 2498 largitio:
650 2420 839 2481 exhauriebat
873 2420 962 2497 igitur
994 2421 1136 2480 aerarium
1143 2445 1150 2496 ;

110 2488 174 2529 nemi
299 2578 302 2582 ,
361 2519 481 2579 modica
495 2521 538 2577 M.
555 2517 670 2580 Octavii
689 2528 720 2578 et
739 2516 781 2577 rei
794 2517 931 2593 publicae
945 2516 1103 2577 tolerabilis
1121 2529 1151 2578 et
1199 2527 1202 2531 ’

110 2619 191 2700 plebi
205 2617 385 2680 necessaria:
404 2635 473 2692 ergo
493 2627 523 2676 et
539 2615 652 2676 civibus
666 2625 695 2674 et
709 2613 751 2674 rei
766 2613 904 2690 publicae
918 2614 1059 2675 salutaris.
1104 2631 1118 2690 7
1123 2635 1148 2690 3.

137 2756 215 2799 nutes
239 2755 263 2797 0,
285 2755 321 2796 ,he
362 2712 522 2790 Inprimis
550 2723 651 2772 autem
678 2709 840 2769 videndum
869 2709 923 2769 erit
950 2709 985 2783 ei,
1011 2709 1062 2786 qui
1089 2729 1150 2770 rem
1164 2729 1195 2778 25

112 2808 221 2850 ⁰⁰V²¹¹¹⁰¹
254 2805 278 2846 ⁰f
309 2819 324 2846 ²
361 2810 512 2889 publicam
530 2806 757 2879 administrabit,
769 2818 802 2865 ut
816 2826 902 2865 suum
916 2805 1041 2883 quisque
1054 2818 1152 2866 teneat

113 2859 216 2957 Still'w
236 2905 323 2965 vmid‘
361 2928 458 2985 neque
480 2908 519 2967 de
543 2906 629 2966 bonis
648 2905 828 2982 privatorum
852 2903 970 2980 publice
989 2904 1153 2964 deminutio

111 2957 144 2998 sor
155 2959 191 2998 the
202 2967 292 3007 secunty
301 2955 325 2996 ot
539 3000 574 3013 ..
696 2998 703 3010 1
811 2997 839 3008 ..
940 2997 946 3010 ι
1021 2997 1027 3009 ι

111 3008 226 3059 propert„
360 3006 417 3063 fiat
461 3004 628 3062 Permcrose
656 3018 737 3058 ennn
764 2998 917 3073 Phihppus
938 3017 970 3057 1n
992 2999 1152 3069 tribunatu,

111 3125 180 3165 cum
194 3106 291 3181 legem
305 3101 448 3178 agrariam
461 3101 556 3171 ferret,
572 3116 662 3175 quam
677 3108 777 3156 tamen
795 3095 940 3172 antiquari
952 3095 1037 3156 facile
1050 3116 1153 3174 passus

112 3213 156 3263 est
174 3213 205 3262 et
225 3201 255 3260 in
276 3220 313 3259 eo
333 3200 522 3259 vehementer
535 3216 566 3257 se
583 3195 770 3255 moderatum
788 3192 1017 3270 praebuit-sed
1035 3212 1104 3253 cum
1122 3194 1152 3253 in
1166 3215 1197 3262 50

111 3297 227 3376 agendo
246 3297 340 3356 multa
356 3293 536 3371 populariter
551 3303 616 3352 tum
629 3290 703 3350 illud
721 3290 806 3362 male,
822 3308 883 3349 non
901 3307 965 3350 esse
985 3288 1017 3348 in
1037 3289 1153 3350 civitate

112 3402 174 3460 duo
194 3396 275 3457 milia
295 3393 458 3464 hominurn,
473 3389 525 3469 qui
544 3410 607 3451 rem
627 3391 778 3450 haberent
822 3387 964 3466 Capitalis
984 3387 1078 3448 oratio
1095 3396 1147 3454 est
1231 3400 1241 3415 ··

112 3495 152 3556 ad
165 3491 372 3569 aequationem
385 3489 529 3566 bonorum
542 3485 700 3563 pertinens,
715 3504 775 3561 qua
787 3495 871 3561 peste
884 3502 961 3559 quae
974 3492 1073 3560 potest
1086 3499 1151 3540 esse

108 3597 220 3658 maior?
261 3596 353 3653 Hanc
372 3589 451 3650 enim
468 3588 508 3648 ob
527 3604 647 3646 causam
666 3601 812 3654 maxume,
830 3591 864 3641 ut
881 3599 935 3640 sua
950 3587 1092 3651 tenerent,
1106 3597 1152 3638 res

109 3693 246 3773 publicae
260 3689 452 3762 civitatesque
466 3681 644 3743 constitutae
658 3689 735 3740 sunt
778 3680 859 3738 Nam
876 3676 931 3737 etsi
952 3676 1029 3735 duce
1048 3685 1152 3735 natura
1165 3687 1194 3740 5⁵

159 3837 189 3889 ¹9
199 3827 228 3871 ut
237 3819 347 3882 utrisque
358 3815 495 3865 Lambinus
528 3815 538 3871 l
562 3825 592 3873 3²
604 3809 717 3875 capitalis
725 3808 804 3857 oratio
814 3814 839 3856 et
850 3807 894 3864 Or,
902 3804 1016 3869 capitalis
1026 3803 1105 3853 oratio
1116 3813 1153 3856 est

106 3903 173 3956 codd.
212 3905 222 3960 [1
259 3915 290 3964 34
301 3904 441 3948 tenerentur
446 3893 558 3961 plerique
567 3889 641 3951 codd,
655 3895 766 3939 tenerent
775 3903 831 3937 cum
841 3888 930 3952 paucis
943 3884 1071 3936 OrHeine
1079 3884 1121 3933 Lu
