2670 4296
81 195 84 199 ¹
187 203 243 265 128
436 205 485 263 De
504 205 673 263 contentione
691 204 818 263 Honesti
832 211 862 263 nt
884 203 974 264 lltr'lir
1013 200 1175 283 [Illxxrrr
1190 220 1227 278 91

183 383 346 449 anteponet
366 373 453 432 saluti
472 374 581 450 patris.'
623 394 669 449 91.
694 373 816 449 Quaerit
837 372 935 445 etiam,
952 370 990 431 ‘si
1010 371 1127 448 sapiens
1148 373 1230 431 adul-

183 470 292 530 terinos
306 489 444 530 nummos
457 469 604 547 acceperit
617 469 790 545 imprudens
797 488 852 545 pro
861 467 956 540 bonis,
968 488 1036 527 cum
1047 468 1080 528 id
1089 468 1227 542 rescierit,

183 568 370 626 soluturusne
391 567 429 627 sit
449 586 510 639 eos
531 566 557 626 si
577 565 626 625 cui
646 566 763 638 debeat,
784 585 839 642 pro
859 565 964 624 bonis!
1006 564 1158 642 Diogenes
1178 565 1227 638 ait,

182 663 338 738 Antipater
363 673 461 739 negat,
489 663 538 722 cui
564 662 663 740 potius
689 661 958 736 assentior-‘Qui
984 659 1087 720 vinum
1114 661 1228 738 fugiens

183 760 294 844 vendat
307 759 412 832 sciens,
423 761 570 820 debeatne
582 759 711 819 dicere?'
734 761 819 818 ‘Non
832 760 962 818 necesse'
970 767 1055 834 putat
1065 757 1226 834 Diogenes,
1258 775 1272 825 5

182 854 339 931 Antipater
354 854 419 914 ‘viri
439 855 523 915 boni’
537 854 691 915 existimat
736 856 823 915 Haec
844 864 914 914 sunt
933 854 1017 930 quasi
1037 864 1226 915 controversa

182 949 246 1010 iura
260 950 434 1012 Stoicorum.
478 954 529 1011 ‘In
543 951 693 1028 mancipio
709 951 871 1010 vendundo
888 950 1054 1012 dicendane
1068 951 1147 1024 vitia,
1163 971 1225 1012 non

184 1067 228 1120 ea,
250 1067 326 1124 quae
354 1048 411 1107 nisi
430 1048 547 1121 dixeris,
570 1048 759 1109 redhibeatur
778 1047 961 1124 mancipium
981 1047 1044 1107 iure
1063 1046 1150 1120 civili,
1173 1049 1227 1109 sed
1315 1078 1318 1082 ¹

183 1145 266 1217 haec,
289 1145 464 1205 mendacem
484 1164 558 1217 esse,
577 1147 745 1216 aleatorem,
767 1145 905 1217 furacem,
926 1143 1093 1205 ebriosum!
1132 1143 1227 1204 Alteri

165 1239 313 1300 :dicenda
335 1240 481 1314 videntur,
506 1240 588 1301 alteri
611 1260 673 1300 non
696 1239 840 1300 videntur.
884 1259 930 1315 9²·
963 1239 1006 1299 ‘Si
1033 1239 1099 1315 quis
1122 1259 1226 1299 aurum
1243 1266 1272 1301 ro

182 1338 316 1397 vendens
336 1336 516 1396 orichalcum
534 1357 566 1397 se
587 1347 670 1412 putet
690 1337 827 1408 vendere,
847 1335 997 1396 indicetne
1018 1334 1046 1396 ei
1065 1335 1108 1395 vir
1127 1337 1226 1396 bonus

182 1451 287 1491 aurum
307 1433 381 1492 illud
402 1452 474 1505 esse,
489 1452 528 1492 an
549 1442 628 1492 emat
648 1430 771 1491 denario
791 1431 874 1507 quod
894 1430 931 1491 sit
951 1431 1032 1491 mille
1053 1431 1225 1492 denarium'

184 1528 376 1604 Perspicuum
390 1540 435 1588 est
448 1529 506 1587 iam
527 1539 556 1588 et
569 1528 643 1604 qnid
663 1526 736 1586 mihi
749 1525 883 1586 videatur
897 1537 926 1588 et
940 1546 1016 1604 quae
1030 1526 1066 1588 sit
1084 1526 1161 1588 inter
1173 1547 1225 1589 eos

181 1624 383 1701 philosophos,
400 1643 475 1701 quos
490 1623 649 1696 nominavi,
665 1622 871 1683 controversia.

78 1730 170 1781 XXIV
492 1723 582 1779 Pacta
602 1730 632 1778 et
652 1718 797 1796 promissa
817 1739 971 1796 semperne
991 1721 1135 1780 servanda
1155 1719 1223 1792 sint,
1240 1748 1270 1797 15

181 1775 316 1884 miiiitiih
330 1775 393 1866 liii*-
432 1833 514 1888 Qvan
525 1833 587 1875 unc
597 1834 629 1874 vr
641 1833 703 1876 unc
712 1833 795 1875 nono
806 1833 901 1890 nram,
913 1827 946 1876 ut
958 1827 1106 1893 praetores
1116 1818 1221 1891 solent,

180 1885 394 1976 ioilehs’brnlirceeii
432 1930 531 1972 ruera
551 1911 706 1971 sinu—Si
726 1912 792 1988 quis
816 1911 1067 1973 medicamentum
1094 1911 1223 1988 cuipiam
1306 1961 1309 1964 ⁴

179 1974 392 2076 iiiid’riindiociiif
430 2007 545 2069 dederit
571 2008 611 2067 ad
638 2026 746 2084 aquam
767 2008 943 2069 intercutem
963 2008 1173 2091 pepigeritque,
1198 2007 1223 2068 si

181 2075 294 2116 ‘mm'
429 2123 467 2164 eo
481 2103 698 2163 medicamento
709 2123 797 2163 sanus
810 2106 904 2164 factus
918 2115 1003 2178 esset,
1016 2123 1054 2165 ne
1068 2104 1119 2165 illo
1130 2104 1223 2164 medi·
1238 2157 1240 2161 Α

180 2210 318 2260 camento
338 2220 480 2277 umquam
500 2212 605 2277 postea
625 2211 762 2274 uteretur,
785 2200 810 2260 si
830 2221 867 2261 eo
894 2201 1112 2262 medicamento
1132 2221 1221 2262 sanus
1234 2229 1267 2273 αφ

179 2301 273 2360 sactus
294 2299 331 2360 sit
351 2310 382 2359 et
401 2298 486 2359 annis
506 2298 618 2375 aliquot
638 2309 708 2374 post
727 2297 862 2369 inciderit
882 2297 913 2359 in
933 2299 1063 2359 eundem
1083 2300 1220 2359 morbum

179 2414 235 2455 nec
263 2397 301 2455 ab
329 2415 374 2467 eo,
403 2395 524 2472 quicum
544 2393 705 2472 pepigerat,
727 2394 865 2471 impetret
888 2406 921 2455 ut
942 2394 1049 2455 iterum
1069 2415 1107 2457 eo
1133 2395 1219 2457 liceat

178 2491 230 2564 uti,
258 2492 331 2568 quid
365 2492 532 2552 faciendum
560 2491 604 2552 sit
648 2494 725 2552 Cum
751 2491 789 2551 sit
815 2491 841 2551 is
867 2491 1054 2565 inhumanus,
1079 2491 1131 2568 qui
1157 2511 1219 2552 non

178 2589 332 2661 concedat,
345 2607 401 2647 nec
412 2589 439 2648 ei
450 2588 608 2664 quicquam
622 2588 672 2645 fiat
686 2585 816 2658 iniuriae,
830 2586 908 2646 vitae
922 2598 952 2646 et
965 2588 1052 2647 saluti
1065 2588 1219 2647 consulen-

178 2685 350 2760 dum-93.
392 2684 493 2761 Quid?
513 2684 538 2744 si
555 2683 606 2760 qui
622 2682 739 2760 sapiens
760 2694 879 2760 rogatus
901 2683 939 2744 sit
958 2686 996 2744 ab
1018 2704 1062 2759 eo,
1078 2684 1130 2762 qui
1148 2704 1217 2745 eum
1232 2710 1263 2760 25

135 2812 140 2831 ι
178 2782 318 2842 heredem
332 2780 427 2854 faciat,
442 2800 512 2840 curn
527 2780 554 2840 ei
567 2790 744 2839 testamento
761 2780 926 2840 sestertium
943 2781 1059 2841 miliens
1075 2781 1219 2858 relinqua·

178 2888 233 2949 tur,
248 2889 282 2936 ut
295 2888 363 2937 ante
377 2896 466 2954 quam
481 2875 674 2936 hereditatem
687 2877 784 2950 adeat,
798 2877 864 2936 luce
882 2877 980 2953 palam
998 2877 1030 2936 in
1043 2879 1107 2937 foro
1121 2879 1216 2952 saltet,

178 2971 267 3048 idque
281 2992 313 3032 se
327 2975 469 3032 facturum
486 2971 660 3049 promiserit,
675 2973 757 3049 quod
778 2972 861 3032 aliter
881 2973 1021 3032 heredem
1042 2992 1110 3033 eum
1130 2973 1218 3052 sc'rip-

176 3077 258 3126 turus
271 3067 321 3128 ille
334 3087 396 3128 non
410 3079 495 3141 esset,
511 3066 599 3127 saciat
612 3070 693 3144 quod
707 3067 871 3146 promiserit
885 3069 999 3129 necne?
1031 3068 1218 3130 Promisisset

178 3164 287 3222 nollem
307 3175 337 3224 et
357 3164 389 3224 id
409 3164 532 3224 arbitror
552 3163 641 3224 fuisse
667 3163 832 3240 gravitatis:
860 3164 1000 3240 quoniam
1027 3164 1168 3242 promisit,
1191 3166 1216 3226 si
1230 3194 1262 3242 3>

177 3260 280 3318 saltare
300 3260 331 3319 in
353 3263 415 3322 foro
436 3273 520 3337 turpe
545 3263 642 3332 ducet,
664 3260 818 3320 honestius
844 3261 1010 3335 mentietur,
1032 3264 1057 3322 si
1078 3281 1114 3322 ex
1134 3264 1216 3322 here-

176 3356 267 3417 ditate
280 3357 354 3417 nihil
367 3358 477 3435 ceperit
492 3377 581 3434 quam
596 3357 620 3416 si
634 3356 752 3433 ceperit,
767 3355 824 3416 nisi
842 3358 917 3417 forte
931 3378 997 3418 eam
1011 3357 1169 3434 pecuniam
1182 3359 1214 3417 in

175 3450 217 3511 rei
230 3451 365 3528 publicae
379 3472 519 3529 magnum
538 3452 659 3529 aliquod
678 3462 796 3529 tempus
815 3453 978 3523 contulerit,
992 3465 1024 3513 ut
1038 3455 1085 3514 vel
1099 3454 1212 3527 saltare,

84 3552 161 3602 xxv
174 3568 243 3607 cum
262 3548 373 3627 patriae
394 3551 580 3610 consulturus
601 3548 645 3626 sit,
668 3560 753 3626 turpe
773 3569 834 3610 non
862 3550 907 3611 sit.
950 3571 996 3627 94
1026 3553 1072 3610 Ac
1097 3569 1137 3610 ne
1163 3550 1214 3610 illa

221 3803 374 3849 avenenum
386 3785 481 3854 lugiens
491 3804 545 3838 mm
557 3788 681 3853 pleneque
695 3789 760 3839 codd.
778 3789 1029 3853 Stpostlambr'num
1064 3793 1074 3847 ΙΙ
1104 3805 1134 3839 aa
1152 3757 1222 3839 itern¹

171 3871 303 3920 luntStnr
312 3869 388 3919 Bam.
402 3886 424 3920 c.
456 3873 468 3930 ΙΙ
502 3870 533 3919 28
549 3869 700 3935 promisisset
713 3870 754 3920 Bo
765 3871 852 3929 Heine,
864 3870 1004 3938 promisisse
1014 3870 1077 3919 codd,

73 3916 191 4044 Ἷ
