<?xml version="1.0" encoding="UTF-8"?>
<!DOCTYPE html PUBLIC "-//W3C//DTD XHTML 1.0 Transitional//EN"
    "http://www.w3.org/TR/xhtml1/DTD/xhtml1-transitional.dtd">
<html xmlns="http://www.w3.org/1999/xhtml" xml:lang="en" lang="en">
 <head>
  <title>
</title>
<meta http-equiv="Content-Type" content="text/html;charset=utf-8" />
  <meta name='ocr-system' content='tesseract 3.04.00' />
  <meta name='ocr-capabilities' content='ocr_page ocr_carea ocr_par ocr_line ocrx_word'/>
</head>
<body>
  <div class='ocr_page' id='page_1' title='image "./mtciceronisdeof00cicegoog_0097.png"; bbox 0 0 2670 4296; ppageno 0'>
   <div class='ocr_carea' id='block_1_1' title="bbox 129 165 1168 284">
    <p class='ocr_par' dir='ltr' id='par_1_1' title="bbox 129 165 1168 284">
     <span class='ocr_line' id='line_1_1' title="bbox 129 165 1168 284; baseline 0.008 -27"><span class='ocrx_word' id='word_1_1' title='bbox 129 200 167 270; x_wconf 83' lang='lat'>46</span> <span class='ocrx_word' id='word_1_2' title='bbox 368 201 418 259; x_wconf 83' lang='lat' dir='ltr'>Dc</span> <span class='ocrx_word' id='word_1_3' title='bbox 434 165 524 260; x_wconf 67' lang='lat' dir='ltr'>ollito</span> <span class='ocrx_word' id='word_1_4' title='bbox 538 209 625 276; x_wconf 76' lang='lat' dir='ltr'>parte</span> <span class='ocrx_word' id='word_1_5' title='bbox 643 204 748 262; x_wconf 80' lang='lat' dir='ltr'>Decorr&#39;</span> <span class='ocrx_word' id='word_1_6' title='bbox 764 222 838 279; x_wconf 77' lang='lat' dir='ltr'>petae</span> <span class='ocrx_word' id='word_1_7' title='bbox 855 204 898 262; x_wconf 84' lang='lat' dir='ltr'>ad</span> <span class='ocrx_word' id='word_1_8' title='bbox 952 200 1168 284; x_wconf 76' lang='lat' dir='ltr'>[lxxx1v123</span> 
     </span>
    </p>
   </div>
   <div class='ocr_carea' id='block_1_2' title="bbox 128 364 1174 450">
    <p class='ocr_par' dir='ltr' id='par_1_2' title="bbox 128 364 1174 450">
     <span class='ocr_line' id='line_1_2' title="bbox 128 364 1174 450; baseline 0.012 -32"><span class='ocrx_word' id='word_1_9' title='bbox 128 364 342 414; x_wconf 63' lang='lat' dir='ltr'>²¹¹dA¹1⁸¹¹nv³fl</span> <span class='ocrx_word' id='word_1_10' title='bbox 380 367 485 429; x_wconf 91' lang='lat' dir='ltr'><strong>dicere.</strong></span> <span class='ocrx_word' id='word_1_11' title='bbox 542 372 596 429; x_wconf 88' lang='lat' dir='ltr'>Est</span> <span class='ocrx_word' id='word_1_12' title='bbox 616 369 701 446; x_wconf 87' lang='lat' dir='ltr'>igitur</span> <span class='ocrx_word' id='word_1_13' title='bbox 720 370 871 447; x_wconf 89' lang='lat' dir='ltr'>proprium</span> <span class='ocrx_word' id='word_1_14' title='bbox 894 391 1000 430; x_wconf 89' lang='lat' dir='ltr'>munus</span> <span class='ocrx_word' id='word_1_15' title='bbox 1027 373 1174 450; x_wconf 88' lang='lat' dir='ltr'>magistra·</span> 
     </span>
    </p>
   </div>
   <div class='ocr_carea' id='block_1_3' title="bbox 47 415 342 464">
    <p class='ocr_par' dir='ltr' id='par_1_3' title="bbox 47 415 342 464">
     <span class='ocr_line' id='line_1_3' title="bbox 47 415 342 464; baseline -0.003 -9"><span class='ocrx_word' id='word_1_16' title='bbox 47 431 49 441; x_wconf 92' lang='lat'>·</span> <span class='ocrx_word' id='word_1_17' title='bbox 128 415 241 464; x_wconf 77' lang='lat' dir='ltr'>according</span> <span class='ocrx_word' id='word_1_18' title='bbox 254 423 276 456; x_wconf 85' lang='lat' dir='ltr'>to</span> <span class='ocrx_word' id='word_1_19' title='bbox 288 415 342 455; x_wconf 86' lang='lat' dir='ltr'>their</span> 
     </span>
    </p>
   </div>
   <div class='ocr_carea' id='block_1_4' title="bbox 11 1709 115 1776">
    <p class='ocr_par' dir='ltr' id='par_1_4' title="bbox 11 1709 115 1776">
     <span class='ocr_line' id='line_1_4' title="bbox 11 1709 115 1776; baseline 0 0"><span class='ocrx_word' id='word_1_20' title='bbox 11 1709 115 1776; x_wconf 84' lang='lat' dir='ltr'>xxxv</span> 
     </span>
    </p>
   </div>
   <div class='ocr_carea' id='block_1_5' title="bbox 125 462 1232 1994">
    <p class='ocr_par' dir='ltr' id='par_1_5' title="bbox 127 462 1232 1702">
     <span class='ocr_line' id='line_1_5' title="bbox 128 462 1175 555; baseline 0.009 -33"><span class='ocrx_word' id='word_1_21' title='bbox 128 465 244 555; x_wconf 59' lang='lat' dir='ltr'>{fgggctive</span> <span class='ocrx_word' id='word_1_22' title='bbox 287 466 341 506; x_wconf 72' lang='lat'><strong>¹0¹²·</strong></span> <span class='ocrx_word' id='word_1_23' title='bbox 379 474 426 524; x_wconf 90' lang='lat' dir='ltr'>tus</span> <span class='ocrx_word' id='word_1_24' title='bbox 446 464 613 542; x_wconf 88' lang='lat' dir='ltr'>intellegere</span> <span class='ocrx_word' id='word_1_25' title='bbox 634 484 665 525; x_wconf 88' lang='lat' dir='ltr'>se</span> <span class='ocrx_word' id='word_1_26' title='bbox 685 462 784 543; x_wconf 87' lang='lat' dir='ltr'>gerere</span> <span class='ocrx_word' id='word_1_27' title='bbox 804 486 960 544; x_wconf 89' lang='lat' dir='ltr'>personam</span> <span class='ocrx_word' id='word_1_28' title='bbox 981 468 1104 529; x_wconf 87' lang='lat' dir='ltr'>civitatis</span> <span class='ocrx_word' id='word_1_29' title='bbox 1125 471 1175 531; x_wconf 92' lang='lat' dir='ltr'>de-</span> 
     </span>
     <span class='ocr_line' id='line_1_6' title="bbox 128 546 1175 645; baseline 0.004 -21"><span class='ocrx_word' id='word_1_30' title='bbox 128 546 257 642; x_wconf 79' lang='lat' dir='ltr'>bereque</span> <span class='ocrx_word' id='word_1_31' title='bbox 277 565 340 626; x_wconf 90' lang='lat' dir='ltr'>eius</span> <span class='ocrx_word' id='word_1_32' title='bbox 361 564 532 642; x_wconf 89' lang='lat' dir='ltr'>dignitatem</span> <span class='ocrx_word' id='word_1_33' title='bbox 553 578 582 625; x_wconf 91' lang='lat' dir='ltr'>et</span> <span class='ocrx_word' id='word_1_34' title='bbox 603 567 694 625; x_wconf 92' lang='lat' dir='ltr'>decus</span> <span class='ocrx_word' id='word_1_35' title='bbox 715 565 864 640; x_wconf 87' lang='lat' dir='ltr'>sustinere,</span> <span class='ocrx_word' id='word_1_36' title='bbox 880 586 993 628; x_wconf 82' lang='lat' dir='ltr'>servare</span> <span class='ocrx_word' id='word_1_37' title='bbox 1009 571 1095 645; x_wconf 90' lang='lat' dir='ltr'>leges,</span> <span class='ocrx_word' id='word_1_38' title='bbox 1111 568 1175 628; x_wconf 88' lang='lat' dir='ltr'>iura</span> 
     </span>
     <span class='ocr_line' id='line_1_7' title="bbox 129 659 1173 734; baseline 0.003 -14"><span class='ocrx_word' id='word_1_39' title='bbox 129 659 293 734; x_wconf 89' lang='lat' dir='ltr'>discribere,</span> <span class='ocrx_word' id='word_1_40' title='bbox 309 681 345 720; x_wconf 89' lang='lat' dir='ltr'>ea</span> <span class='ocrx_word' id='word_1_41' title='bbox 357 660 427 720; x_wconf 88' lang='lat' dir='ltr'>fidei</span> <span class='ocrx_word' id='word_1_42' title='bbox 442 680 510 721; x_wconf 86' lang='lat' dir='ltr'>suae</span> <span class='ocrx_word' id='word_1_43' title='bbox 525 659 681 720; x_wconf 90' lang='lat' dir='ltr'>commissa</span> <span class='ocrx_word' id='word_1_44' title='bbox 695 659 869 720; x_wconf 88' lang='lat' dir='ltr'>meminisse.</span> <span class='ocrx_word' id='word_1_45' title='bbox 913 661 1060 722; x_wconf 90' lang='lat' dir='ltr'>Privatum</span> <span class='ocrx_word' id='word_1_46' title='bbox 1074 674 1173 724; x_wconf 89' lang='lat' dir='ltr'>autem</span> 
     </span>
     <span class='ocr_line' id='line_1_8' title="bbox 127 756 1215 835; baseline 0.002 -19"><span class='ocrx_word' id='word_1_47' title='bbox 127 769 244 834; x_wconf 87' lang='lat' dir='ltr'>oportet</span> <span class='ocrx_word' id='word_1_48' title='bbox 271 778 366 834; x_wconf 87' lang='lat' dir='ltr'>aequo</span> <span class='ocrx_word' id='word_1_49' title='bbox 395 768 425 817; x_wconf 89' lang='lat' dir='ltr'>et</span> <span class='ocrx_word' id='word_1_50' title='bbox 454 756 517 834; x_wconf 91' lang='lat' dir='ltr'>pari</span> <span class='ocrx_word' id='word_1_51' title='bbox 544 776 612 814; x_wconf 89' lang='lat' dir='ltr'>cum</span> <span class='ocrx_word' id='word_1_52' title='bbox 640 756 752 816; x_wconf 89' lang='lat' dir='ltr'>civibus</span> <span class='ocrx_word' id='word_1_53' title='bbox 772 756 833 818; x_wconf 91' lang='lat' dir='ltr'>iure</span> <span class='ocrx_word' id='word_1_54' title='bbox 853 756 958 831; x_wconf 89' lang='lat' dir='ltr'>vivere,</span> <span class='ocrx_word' id='word_1_55' title='bbox 981 777 1077 835; x_wconf 92' lang='lat' dir='ltr'>neque</span> <span class='ocrx_word' id='word_1_56' title='bbox 1098 779 1174 819; x_wconf 89' lang='lat' dir='ltr'>sum·</span> <span class='ocrx_word' id='word_1_57' title='bbox 1201 779 1215 827; x_wconf 84' lang='lat'><strong>5</strong></span> 
     </span>
     <span class='ocr_line' id='line_1_9' title="bbox 128 852 1173 932; baseline 0.004 -21"><span class='ocrx_word' id='word_1_58' title='bbox 128 852 249 913; x_wconf 91' lang='lat' dir='ltr'>missum</span> <span class='ocrx_word' id='word_1_59' title='bbox 270 864 299 914; x_wconf 90' lang='lat' dir='ltr'>et</span> <span class='ocrx_word' id='word_1_60' title='bbox 319 853 466 914; x_wconf 87' lang='lat' dir='ltr'>abiectum</span> <span class='ocrx_word' id='word_1_61' title='bbox 486 872 584 928; x_wconf 91' lang='lat' dir='ltr'>neque</span> <span class='ocrx_word' id='word_1_62' title='bbox 604 871 635 911; x_wconf 92' lang='lat' dir='ltr'>se</span> <span class='ocrx_word' id='word_1_63' title='bbox 656 853 834 925; x_wconf 86' lang='lat' dir='ltr'>efferentem,</span> <span class='ocrx_word' id='word_1_64' title='bbox 856 864 919 913; x_wconf 92' lang='lat' dir='ltr'>turn</span> <span class='ocrx_word' id='word_1_65' title='bbox 939 853 971 928; x_wconf 81' lang='lat' dir='ltr'>in</span> <span class='ocrx_word' id='word_1_66' title='bbox 997 874 1028 914; x_wconf 90' lang='lat' dir='ltr'>re</span> <span class='ocrx_word' id='word_1_67' title='bbox 1055 855 1173 932; x_wconf 90' lang='lat' dir='ltr'>publica</span> 
     </span>
     <span class='ocr_line' id='line_1_10' title="bbox 127 946 1172 1026; baseline 0.001 -16"><span class='ocrx_word' id='word_1_68' title='bbox 127 968 164 1010; x_wconf 91' lang='lat' dir='ltr'>ea</span> <span class='ocrx_word' id='word_1_69' title='bbox 176 952 251 1010; x_wconf 87' lang='lat' dir='ltr'>velle</span> <span class='ocrx_word' id='word_1_70' title='bbox 265 969 341 1026; x_wconf 90' lang='lat' dir='ltr'>quae</span> <span class='ocrx_word' id='word_1_71' title='bbox 362 948 517 1024; x_wconf 92' lang='lat' dir='ltr'>tranquilla</span> <span class='ocrx_word' id='word_1_72' title='bbox 537 959 566 1008; x_wconf 93' lang='lat' dir='ltr'>et</span> <span class='ocrx_word' id='word_1_73' title='bbox 586 949 711 1007; x_wconf 90' lang='lat' dir='ltr'>honesta</span> <span class='ocrx_word' id='word_1_74' title='bbox 732 946 806 1008; x_wconf 89' lang='lat' dir='ltr'>sint:</span> <span class='ocrx_word' id='word_1_75' title='bbox 834 950 922 1008; x_wconf 88' lang='lat' dir='ltr'>talem</span> <span class='ocrx_word' id='word_1_76' title='bbox 943 948 1021 1008; x_wconf 88' lang='lat' dir='ltr'>enirn</span> <span class='ocrx_word' id='word_1_77' title='bbox 1043 952 1172 1011; x_wconf 91' lang='lat' dir='ltr'>solemus</span> 
     </span>
     <span class='ocr_line' id='line_1_11' title="bbox 127 1044 1172 1122; baseline 0.002 -16"><span class='ocrx_word' id='word_1_78' title='bbox 127 1057 157 1106; x_wconf 91' lang='lat' dir='ltr'>et</span> <span class='ocrx_word' id='word_1_79' title='bbox 178 1044 284 1105; x_wconf 90' lang='lat' dir='ltr'>sentire</span> <span class='ocrx_word' id='word_1_80' title='bbox 304 1047 417 1106; x_wconf 89' lang='lat' dir='ltr'>bonum</span> <span class='ocrx_word' id='word_1_81' title='bbox 444 1045 537 1104; x_wconf 91' lang='lat' dir='ltr'>civem</span> <span class='ocrx_word' id='word_1_82' title='bbox 565 1055 595 1104; x_wconf 91' lang='lat' dir='ltr'>et</span> <span class='ocrx_word' id='word_1_83' title='bbox 622 1044 726 1103; x_wconf 89' lang='lat' dir='ltr'>dicere.</span> <span class='ocrx_word' id='word_1_84' title='bbox 792 1061 856 1121; x_wconf 86' lang='lat'><strong>125.</strong></span> <span class='ocrx_word' id='word_1_85' title='bbox 901 1044 1047 1122; x_wconf 86' lang='lat' dir='ltr'>Peregrini</span> <span class='ocrx_word' id='word_1_86' title='bbox 1074 1058 1172 1107; x_wconf 88' lang='lat' dir='ltr'>autem</span> 
     </span>
     <span class='ocr_line' id='line_1_12' title="bbox 127 1140 1170 1220; baseline 0.004 -20"><span class='ocrx_word' id='word_1_87' title='bbox 127 1153 217 1218; x_wconf 89' lang='lat' dir='ltr'>atque</span> <span class='ocrx_word' id='word_1_88' title='bbox 237 1142 351 1202; x_wconf 82' lang='lat' dir='ltr'>incolae</span> <span class='ocrx_word' id='word_1_89' title='bbox 373 1141 501 1201; x_wconf 88' lang='lat' dir='ltr'>officium</span> <span class='ocrx_word' id='word_1_90' title='bbox 522 1153 566 1200; x_wconf 91' lang='lat' dir='ltr'>est</span> <span class='ocrx_word' id='word_1_91' title='bbox 587 1140 659 1200; x_wconf 89' lang='lat' dir='ltr'>nihil</span> <span class='ocrx_word' id='word_1_92' title='bbox 679 1152 792 1218; x_wconf 91' lang='lat' dir='ltr'>praeter</span> <span class='ocrx_word' id='word_1_93' title='bbox 812 1161 898 1201; x_wconf 91' lang='lat' dir='ltr'>suum</span> <span class='ocrx_word' id='word_1_94' title='bbox 912 1143 1062 1220; x_wconf 90' lang='lat' dir='ltr'>negotium</span> <span class='ocrx_word' id='word_1_95' title='bbox 1076 1163 1170 1220; x_wconf 89' lang='lat' dir='ltr'>agere,</span> 
     </span>
     <span class='ocr_line' id='line_1_13' title="bbox 128 1237 1217 1317; baseline 0.005 -21"><span class='ocrx_word' id='word_1_96' title='bbox 128 1238 199 1297; x_wconf 92' lang='lat' dir='ltr'>nihil</span> <span class='ocrx_word' id='word_1_97' title='bbox 221 1239 259 1299; x_wconf 93' lang='lat' dir='ltr'>de</span> <span class='ocrx_word' id='word_1_98' title='bbox 279 1238 337 1297; x_wconf 81' lang='lat' dir='ltr'>alio</span> <span class='ocrx_word' id='word_1_99' title='bbox 358 1237 510 1314; x_wconf 87' lang='lat' dir='ltr'>anquirere</span> <span class='ocrx_word' id='word_1_100' title='bbox 531 1237 710 1314; x_wconf 89' lang='lat' dir='ltr'>minimeque</span> <span class='ocrx_word' id='word_1_101' title='bbox 731 1258 795 1299; x_wconf 90' lang='lat' dir='ltr'>esse</span> <span class='ocrx_word' id='word_1_102' title='bbox 815 1237 846 1298; x_wconf 92' lang='lat' dir='ltr'>in</span> <span class='ocrx_word' id='word_1_103' title='bbox 873 1237 1026 1301; x_wconf 86' lang='lat' dir='ltr'>alienare</span> <span class='ocrx_word' id='word_1_104' title='bbox 1052 1242 1171 1317; x_wconf 91' lang='lat' dir='ltr'>publica</span> <span class='ocrx_word' id='word_1_105' title='bbox 1187 1267 1217 1301; x_wconf 86' lang='lat'>10</span> 
     </span>
     <span class='ocr_line' id='line_1_14' title="bbox 127 1335 1171 1415; baseline 0.005 -22"><span class='ocrx_word' id='word_1_106' title='bbox 127 1335 281 1395; x_wconf 88' lang='lat' dir='ltr'>curiosum.</span> <span class='ocrx_word' id='word_1_107' title='bbox 338 1337 386 1395; x_wconf 91' lang='lat' dir='ltr'>Ita</span> <span class='ocrx_word' id='word_1_108' title='bbox 412 1338 471 1396; x_wconf 92' lang='lat' dir='ltr'>fere</span> <span class='ocrx_word' id='word_1_109' title='bbox 496 1335 592 1396; x_wconf 88' lang='lat' dir='ltr'>officia</span> <span class='ocrx_word' id='word_1_110' title='bbox 610 1336 796 1413; x_wconf 86' lang='lat' dir='ltr'>reperientur,</span> <span class='ocrx_word' id='word_1_111' title='bbox 818 1355 886 1396; x_wconf 90' lang='lat' dir='ltr'>cum</span> <span class='ocrx_word' id='word_1_112' title='bbox 906 1348 1062 1413; x_wconf 84' lang='lat' dir='ltr'>quaeretur</span> <span class='ocrx_word' id='word_1_113' title='bbox 1098 1339 1171 1415; x_wconf 93' lang='lat' dir='ltr'>quid</span> 
     </span>
     <span class='ocr_line' id='line_1_15' title="bbox 128 1432 1232 1510; baseline 0.005 -18"><span class='ocrx_word' id='word_1_114' title='bbox 128 1433 231 1492; x_wconf 87' lang='lat' dir='ltr'>deceat</span> <span class='ocrx_word' id='word_1_115' title='bbox 245 1445 275 1493; x_wconf 95' lang='lat' dir='ltr'>et</span> <span class='ocrx_word' id='word_1_116' title='bbox 290 1432 362 1509; x_wconf 91' lang='lat' dir='ltr'>quid</span> <span class='ocrx_word' id='word_1_117' title='bbox 376 1444 476 1509; x_wconf 86' lang='lat' dir='ltr'>aptum</span> <span class='ocrx_word' id='word_1_118' title='bbox 491 1433 528 1492; x_wconf 93' lang='lat' dir='ltr'>sit</span> <span class='ocrx_word' id='word_1_119' title='bbox 541 1433 681 1510; x_wconf 90' lang='lat' dir='ltr'>personis,</span> <span class='ocrx_word' id='word_1_120' title='bbox 696 1433 886 1510; x_wconf 90' lang='lat' dir='ltr'>temporibus,</span> <span class='ocrx_word' id='word_1_121' title='bbox 900 1435 1051 1495; x_wconf 89' lang='lat' dir='ltr'>aetatibus.</span> <span class='ocrx_word' id='word_1_122' title='bbox 1088 1437 1171 1496; x_wconf 93' lang='lat' dir='ltr'>Nihil</span> <span class='ocrx_word' id='word_1_123' title='bbox 1230 1493 1232 1497; x_wconf 86' lang='lat'>.</span> 
     </span>
     <span class='ocr_line' id='line_1_16' title="bbox 127 1530 1172 1609; baseline 0.004 -20"><span class='ocrx_word' id='word_1_124' title='bbox 127 1542 171 1589; x_wconf 91' lang='lat' dir='ltr'>est</span> <span class='ocrx_word' id='word_1_125' title='bbox 185 1542 283 1590; x_wconf 91' lang='lat' dir='ltr'>autem</span> <span class='ocrx_word' id='word_1_126' title='bbox 298 1533 380 1607; x_wconf 93' lang='lat' dir='ltr'>quod</span> <span class='ocrx_word' id='word_1_127' title='bbox 398 1543 458 1590; x_wconf 88' lang='lat' dir='ltr'>tam</span> <span class='ocrx_word' id='word_1_128' title='bbox 479 1532 583 1591; x_wconf 88' lang='lat' dir='ltr'>deceat</span> <span class='ocrx_word' id='word_1_129' title='bbox 607 1551 697 1607; x_wconf 90' lang='lat' dir='ltr'>quam</span> <span class='ocrx_word' id='word_1_130' title='bbox 711 1530 741 1590; x_wconf 93' lang='lat' dir='ltr'>in</span> <span class='ocrx_word' id='word_1_131' title='bbox 756 1530 838 1590; x_wconf 89' lang='lat' dir='ltr'>omni</span> <span class='ocrx_word' id='word_1_132' title='bbox 851 1551 881 1591; x_wconf 92' lang='lat' dir='ltr'>re</span> <span class='ocrx_word' id='word_1_133' title='bbox 895 1534 1023 1609; x_wconf 87' lang='lat' dir='ltr'>gerenda</span> <span class='ocrx_word' id='word_1_134' title='bbox 1036 1533 1172 1594; x_wconf 89' lang='lat' dir='ltr'>consilio-</span> 
     </span>
     <span class='ocr_line' id='line_1_17' title="bbox 128 1627 688 1702; baseline 0.007 -19"><span class='ocrx_word' id='word_1_135' title='bbox 128 1645 185 1702; x_wconf 91' lang='lat' dir='ltr'>que</span> <span class='ocrx_word' id='word_1_136' title='bbox 199 1627 344 1702; x_wconf 90' lang='lat' dir='ltr'>capiendo</span> <span class='ocrx_word' id='word_1_137' title='bbox 359 1647 471 1686; x_wconf 90' lang='lat' dir='ltr'>servare</span> <span class='ocrx_word' id='word_1_138' title='bbox 486 1627 688 1687; x_wconf 90' lang='lat' dir='ltr'>constantiam.</span> 
     </span>
    </p>

    <p class='ocr_par' dir='ltr' id='par_1_6' title="bbox 125 1723 1213 1994">
     <span class='ocr_line' id='line_1_18' title="bbox 439 1723 1213 1800; baseline 0.003 -19"><span class='ocrx_word' id='word_1_139' title='bbox 439 1726 506 1783; x_wconf 73' lang='lat'><strong>126:</strong></span> <span class='ocrx_word' id='word_1_140' title='bbox 546 1725 605 1784; x_wconf 91' lang='lat' dir='ltr'>Sed</span> <span class='ocrx_word' id='word_1_141' title='bbox 619 1723 759 1800; x_wconf 90' lang='lat' dir='ltr'>quoniam</span> <span class='ocrx_word' id='word_1_142' title='bbox 774 1727 915 1786; x_wconf 89' lang='lat' dir='ltr'>decorum</span> <span class='ocrx_word' id='word_1_143' title='bbox 935 1727 1009 1787; x_wconf 94' lang='lat' dir='ltr'>illud</span> <span class='ocrx_word' id='word_1_144' title='bbox 1028 1726 1059 1786; x_wconf 94' lang='lat' dir='ltr'>in</span> <span class='ocrx_word' id='word_1_145' title='bbox 1079 1727 1170 1787; x_wconf 90' lang='lat' dir='ltr'>omni·</span> <span class='ocrx_word' id='word_1_146' title='bbox 1185 1748 1213 1796; x_wconf 88' lang='lat'>15</span> 
     </span>
     <span class='ocr_line' id='line_1_19' title="bbox 126 1804 1170 1906; baseline 0.005 -28"><span class='ocrx_word' id='word_1_147' title='bbox 126 1804 339 1906; x_wconf 48' lang='lat' dir='ltr'>bieffilnffessmssff}</span> <span class='ocrx_word' id='word_1_148' title='bbox 376 1819 431 1879; x_wconf 92' lang='lat' dir='ltr'>bus</span> <span class='ocrx_word' id='word_1_149' title='bbox 451 1819 534 1879; x_wconf 90' lang='lat' dir='ltr'>factis</span> <span class='ocrx_word' id='word_1_150' title='bbox 565 1819 659 1892; x_wconf 83' lang='lat' dir='ltr'>uictis,</span> <span class='ocrx_word' id='word_1_151' title='bbox 681 1818 712 1878; x_wconf 95' lang='lat' dir='ltr'>in</span> <span class='ocrx_word' id='word_1_152' title='bbox 732 1822 861 1897; x_wconf 91' lang='lat' dir='ltr'>corporis</span> <span class='ocrx_word' id='word_1_153' title='bbox 882 1822 1010 1899; x_wconf 92' lang='lat' dir='ltr'>denique</span> <span class='ocrx_word' id='word_1_154' title='bbox 1030 1834 1112 1882; x_wconf 91' lang='lat' dir='ltr'>motu</span> <span class='ocrx_word' id='word_1_155' title='bbox 1139 1834 1170 1883; x_wconf 89' lang='lat' dir='ltr'>et</span> 
     </span>
     <span class='ocr_line' id='line_1_20' title="bbox 125 1901 1167 1994; baseline 0.005 -21"><span class='ocrx_word' id='word_1_156' title='bbox 125 1901 203 1946; x_wconf 61' lang='lat'><strong>“⁰⁰⁰³</strong></span> <span class='ocrx_word' id='word_1_157' title='bbox 216 1906 291 1947; x_wconf 57' lang='grc' dir='ltr'><em>Μ</em></span> <span class='ocrx_word' id='word_1_158' title='bbox 301 1907 338 1947; x_wconf 72' lang='lat'>‘¹⁰&#39;</span> <span class='ocrx_word' id='word_1_159' title='bbox 376 1926 457 1974; x_wconf 87' lang='lat' dir='ltr'>statu‘</span> <span class='ocrx_word' id='word_1_160' title='bbox 466 1915 592 1975; x_wconf 90' lang='lat' dir='ltr'>cernitur</span> <span class='ocrx_word' id='word_1_161' title='bbox 615 1915 706 1992; x_wconf 90' lang='lat' dir='ltr'>idque</span> <span class='ocrx_word' id='word_1_162' title='bbox 719 1917 847 1993; x_wconf 90' lang='lat' dir='ltr'>positum</span> <span class='ocrx_word' id='word_1_163' title='bbox 864 1931 908 1979; x_wconf 91' lang='lat' dir='ltr'>est</span> <span class='ocrx_word' id='word_1_164' title='bbox 924 1919 955 1979; x_wconf 93' lang='lat' dir='ltr'>in</span> <span class='ocrx_word' id='word_1_165' title='bbox 969 1919 1059 1979; x_wconf 91' lang='lat' dir='ltr'>tribus</span> <span class='ocrx_word' id='word_1_166' title='bbox 1073 1921 1167 1994; x_wconf 90' lang='lat' dir='ltr'>rebus,</span> 
     </span>
    </p>
   </div>
   <div class='ocr_carea' id='block_1_6' title="bbox 125 1969 1167 2095">
    <p class='ocr_par' dir='ltr' id='par_1_7' title="bbox 125 1969 1167 2095">
     <span class='ocr_line' id='line_1_21' title="bbox 125 1969 202 1997; baseline 0.013 -1"><span class='ocrx_word' id='word_1_167' title='bbox 125 1969 202 1997; x_wconf 84' lang='lat' dir='ltr'>corum.</span> 
     </span>
     <span class='ocr_line' id='line_1_22' title="bbox 374 2012 1167 2095; baseline 0.01 -25"><span class='ocrx_word' id='word_1_168' title='bbox 374 2012 562 2087; x_wconf 87' lang='lat' dir='ltr'>formositate,</span> <span class='ocrx_word' id='word_1_169' title='bbox 584 2014 695 2087; x_wconf 89' lang='lat' dir='ltr'>ordine,</span> <span class='ocrx_word' id='word_1_170' title='bbox 718 2027 822 2076; x_wconf 89' lang='lat' dir='ltr'>ornatu</span> <span class='ocrx_word' id='word_1_171' title='bbox 852 2017 892 2077; x_wconf 88' lang='lat' dir='ltr'>ad</span> <span class='ocrx_word' id='word_1_172' title='bbox 919 2016 1064 2077; x_wconf 87' lang='lat' dir='ltr'>actionem</span> <span class='ocrx_word' id='word_1_173' title='bbox 1089 2030 1167 2095; x_wconf 90' lang='lat' dir='ltr'>apto,</span> 
     </span>
    </p>
   </div>
   <div class='ocr_carea' id='block_1_7' title="bbox 124 2113 1213 2786">
    <p class='ocr_par' dir='ltr' id='par_1_8' title="bbox 124 2113 1213 2786">
     <span class='ocr_line' id='line_1_23' title="bbox 125 2113 1168 2197; baseline 0.006 -24"><span class='ocrx_word' id='word_1_174' title='bbox 125 2113 291 2176; x_wconf 88' lang='lat' dir='ltr'>difficilibus</span> <span class='ocrx_word' id='word_1_175' title='bbox 305 2117 343 2175; x_wconf 90' lang='lat' dir='ltr'>ad</span> <span class='ocrx_word' id='word_1_176' title='bbox 357 2117 651 2192; x_wconf 92' lang='lat' dir='ltr'>eloquendum—sed</span> <span class='ocrx_word' id='word_1_177' title='bbox 661 2117 730 2178; x_wconf 92' lang='lat' dir='ltr'>satis</span> <span class='ocrx_word' id='word_1_178' title='bbox 741 2117 793 2178; x_wconf 92' lang='lat' dir='ltr'>erit</span> <span class='ocrx_word' id='word_1_179' title='bbox 803 2118 1006 2197; x_wconf 88' lang='lat' dir='ltr'>intellegi—,in</span> <span class='ocrx_word' id='word_1_180' title='bbox 1014 2120 1059 2179; x_wconf 93' lang='lat' dir='ltr'>his</span> <span class='ocrx_word' id='word_1_181' title='bbox 1069 2131 1168 2179; x_wconf 89' lang='lat' dir='ltr'>autem</span> 
     </span>
     <span class='ocr_line' id='line_1_24' title="bbox 125 2210 1213 2294; baseline 0.008 -25"><span class='ocrx_word' id='word_1_182' title='bbox 125 2210 217 2271; x_wconf 91' lang='lat' dir='ltr'>tribus</span> <span class='ocrx_word' id='word_1_183' title='bbox 237 2212 403 2272; x_wconf 87' lang='lat' dir='ltr'>continetur</span> <span class='ocrx_word' id='word_1_184' title='bbox 422 2233 492 2273; x_wconf 89' lang='lat' dir='ltr'>cura</span> <span class='ocrx_word' id='word_1_185' title='bbox 512 2214 600 2274; x_wconf 90' lang='lat' dir='ltr'>etiam</span> <span class='ocrx_word' id='word_1_186' title='bbox 620 2215 677 2289; x_wconf 91' lang='lat' dir='ltr'>illa,</span> <span class='ocrx_word' id='word_1_187' title='bbox 700 2227 733 2276; x_wconf 93' lang='lat' dir='ltr'>ut</span> <span class='ocrx_word' id='word_1_188' title='bbox 753 2217 912 2293; x_wconf 90' lang='lat' dir='ltr'>probemur</span> <span class='ocrx_word' id='word_1_189' title='bbox 930 2217 965 2278; x_wconf 92' lang='lat' dir='ltr'>iis</span> <span class='ocrx_word' id='word_1_190' title='bbox 993 2218 1167 2294; x_wconf 91' lang='lat' dir='ltr'>quibuscum</span> <span class='ocrx_word' id='word_1_191' title='bbox 1182 2239 1213 2272; x_wconf 83' lang='lat'>20</span> 
     </span>
     <span class='ocr_line' id='line_1_25' title="bbox 125 2307 1165 2389; baseline 0.009 -25"><span class='ocrx_word' id='word_1_192' title='bbox 125 2307 206 2382; x_wconf 89' lang='lat' dir='ltr'>apud</span> <span class='ocrx_word' id='word_1_193' title='bbox 226 2327 359 2384; x_wconf 88' lang='lat' dir='ltr'>quosque</span> <span class='ocrx_word' id='word_1_194' title='bbox 378 2308 518 2382; x_wconf 73' lang='lat' dir='ltr'>vivamus</span> <span class='ocrx_word' id='word_1_195' title='bbox 540 2309 585 2370; x_wconf 88' lang='lat' dir='ltr'>his</span> <span class='ocrx_word' id='word_1_196' title='bbox 606 2330 726 2388; x_wconf 91' lang='lat' dir='ltr'>quoque</span> <span class='ocrx_word' id='word_1_197' title='bbox 747 2313 785 2372; x_wconf 92' lang='lat' dir='ltr'>de</span> <span class='ocrx_word' id='word_1_198' title='bbox 805 2313 891 2372; x_wconf 92' lang='lat' dir='ltr'>rebus</span> <span class='ocrx_word' id='word_1_199' title='bbox 910 2332 1005 2389; x_wconf 90' lang='lat' dir='ltr'>pauca</span> <span class='ocrx_word' id='word_1_200' title='bbox 1025 2313 1165 2374; x_wconf 90' lang='lat' dir='ltr'>dicantur.</span> 
     </span>
     <span class='ocr_line' id='line_1_26' title="bbox 126 2404 1167 2486; baseline 0.009 -23"><span class='ocrx_word' id='word_1_201' title='bbox 126 2404 272 2481; x_wconf 87' lang='lat' dir='ltr'>Principio</span> <span class='ocrx_word' id='word_1_202' title='bbox 289 2405 417 2482; x_wconf 90' lang='lat' dir='ltr'>corporis</span> <span class='ocrx_word' id='word_1_203' title='bbox 436 2406 527 2466; x_wconf 90' lang='lat' dir='ltr'>nostri</span> <span class='ocrx_word' id='word_1_204' title='bbox 543 2426 679 2484; x_wconf 86' lang='lat' dir='ltr'>magnam</span> <span class='ocrx_word' id='word_1_205' title='bbox 700 2420 802 2468; x_wconf 91' lang='lat' dir='ltr'>natura</span> <span class='ocrx_word' id='word_1_206' title='bbox 822 2408 885 2486; x_wconf 92' lang='lat' dir='ltr'>ipsa</span> <span class='ocrx_word' id='word_1_207' title='bbox 897 2409 1012 2470; x_wconf 89' lang='lat' dir='ltr'>videtur</span> <span class='ocrx_word' id='word_1_208' title='bbox 1031 2411 1167 2472; x_wconf 87' lang='lat' dir='ltr'>habuisse</span> 
     </span>
     <span class='ocr_line' id='line_1_27' title="bbox 124 2500 1168 2584; baseline 0.009 -25"><span class='ocrx_word' id='word_1_209' title='bbox 124 2500 276 2574; x_wconf 90' lang='lat' dir='ltr'>rationem,</span> <span class='ocrx_word' id='word_1_210' title='bbox 299 2520 374 2577; x_wconf 87' lang='lat' dir='ltr'>quae</span> <span class='ocrx_word' id='word_1_211' title='bbox 395 2504 524 2562; x_wconf 89' lang='lat' dir='ltr'>formam.</span> <span class='ocrx_word' id='word_1_212' title='bbox 539 2517 668 2564; x_wconf 88' lang='lat' dir='ltr'>nostram</span> <span class='ocrx_word' id='word_1_213' title='bbox 688 2505 887 2582; x_wconf 89' lang='lat' dir='ltr'>reliquamque</span> <span class='ocrx_word' id='word_1_214' title='bbox 908 2509 1037 2583; x_wconf 89' lang='lat' dir='ltr'>figuram,</span> <span class='ocrx_word' id='word_1_215' title='bbox 1057 2507 1087 2567; x_wconf 93' lang='lat' dir='ltr'>in</span> <span class='ocrx_word' id='word_1_216' title='bbox 1109 2528 1168 2584; x_wconf 92' lang='lat' dir='ltr'>qua</span> 
     </span>
     <span class='ocr_line' id='line_1_28' title="bbox 149 2598 1165 2695; baseline 0.006 -39"><span class='ocrx_word' id='word_1_217' title='bbox 149 2642 200 2694; x_wconf 59' lang='lat' dir='ltr'>(Ba)</span> <span class='ocrx_word' id='word_1_218' title='bbox 231 2644 292 2695; x_wconf 65' lang='lat' dir='ltr'>nu,</span> <span class='ocrx_word' id='word_1_219' title='bbox 316 2644 341 2686; x_wconf 62' lang='lat' dir='ltr'>os</span> <span class='ocrx_word' id='word_1_220' title='bbox 375 2609 452 2658; x_wconf 90' lang='lat' dir='ltr'>esset</span> <span class='ocrx_word' id='word_1_221' title='bbox 479 2598 591 2674; x_wconf 90' lang='lat' dir='ltr'>species</span> <span class='ocrx_word' id='word_1_222' title='bbox 611 2601 743 2674; x_wconf 90' lang='lat' dir='ltr'>honesta,</span> <span class='ocrx_word' id='word_1_223' title='bbox 765 2619 831 2660; x_wconf 91' lang='lat' dir='ltr'>earn</span> <span class='ocrx_word' id='word_1_224' title='bbox 851 2601 949 2678; x_wconf 90' lang='lat' dir='ltr'>posuit</span> <span class='ocrx_word' id='word_1_225' title='bbox 968 2601 999 2660; x_wconf 94' lang='lat' dir='ltr'>in</span> <span class='ocrx_word' id='word_1_226' title='bbox 1019 2606 1165 2679; x_wconf 86' lang='lat' dir='ltr'>prbmptu,</span> 
     </span>
     <span class='ocr_line' id='line_1_29' title="bbox 125 2694 1210 2786; baseline 0.007 -34"><span class='ocrx_word' id='word_1_227' title='bbox 125 2694 339 2786; x_wconf 47' lang='lat' dir='ltr'>mossffffnsgtifvfggrflffi</span> <span class='ocrx_word' id='word_1_228' title='bbox 376 2716 452 2773; x_wconf 91' lang='lat' dir='ltr'>quae</span> <span class='ocrx_word' id='word_1_229' title='bbox 479 2709 574 2773; x_wconf 87' lang='lat' dir='ltr'>partes</span> <span class='ocrx_word' id='word_1_230' title='bbox 602 2709 701 2758; x_wconf 89' lang='lat' dir='ltr'>autem</span> <span class='ocrx_word' id='word_1_231' title='bbox 721 2699 850 2774; x_wconf 91' lang='lat' dir='ltr'>corporis</span> <span class='ocrx_word' id='word_1_232' title='bbox 870 2701 909 2759; x_wconf 89' lang='lat' dir='ltr'>ad</span> <span class='ocrx_word' id='word_1_233' title='bbox 930 2712 1048 2760; x_wconf 87' lang='lat' dir='ltr'>naturae</span> <span class='ocrx_word' id='word_1_234' title='bbox 1069 2720 1167 2760; x_wconf 92' lang='lat' dir='ltr'>neces-</span> <span class='ocrx_word' id='word_1_235' title='bbox 1181 2719 1210 2768; x_wconf 86' lang='lat'>25</span> 
     </span>
    </p>
   </div>
   <div class='ocr_carea' id='block_1_8' title="bbox 124 2795 1167 2970">
    <p class='ocr_par' dir='ltr' id='par_1_9' title="bbox 124 2795 1167 2970">
     <span class='ocr_line' id='line_1_30' title="bbox 124 2795 1167 2896; baseline 0.003 -41"><span class='ocrx_word' id='word_1_236' title='bbox 124 2795 337 2896; x_wconf 54' lang='lat' dir='ltr'>,uss‘llsstssssffifffss</span> <span class='ocrx_word' id='word_1_237' title='bbox 375 2795 489 2856; x_wconf 87' lang='lat' dir='ltr'>sitatem</span> <span class='ocrx_word' id='word_1_238' title='bbox 511 2796 597 2856; x_wconf 87' lang='lat' dir='ltr'>datae</span> <span class='ocrx_word' id='word_1_239' title='bbox 617 2807 769 2872; x_wconf 92' lang='lat' dir='ltr'>aspectum</span> <span class='ocrx_word' id='word_1_240' title='bbox 789 2809 887 2858; x_wconf 88' lang='lat' dir='ltr'>essent</span> <span class='ocrx_word' id='word_1_241' title='bbox 907 2799 1069 2858; x_wconf 82' lang='lat' dir='ltr'>deformem</span> <span class='ocrx_word' id='word_1_242' title='bbox 1087 2797 1167 2858; x_wconf 87' lang='lat' dir='ltr'>habi·</span> 
     </span>
     <span class='ocr_line' id='line_1_31' title="bbox 375 2894 1162 2970; baseline -0.003 -16"><span class='ocrx_word' id='word_1_243' title='bbox 375 2905 456 2954; x_wconf 88' lang='lat' dir='ltr'>turae</span> <span class='ocrx_word' id='word_1_244' title='bbox 475 2903 562 2968; x_wconf 87' lang='lat' dir='ltr'>atque</span> <span class='ocrx_word' id='word_1_245' title='bbox 574 2896 701 2966; x_wconf 89' lang='lat' dir='ltr'>foedum,</span> <span class='ocrx_word' id='word_1_246' title='bbox 717 2913 766 2954; x_wconf 90' lang='lat' dir='ltr'>eas</span> <span class='ocrx_word' id='word_1_247' title='bbox 787 2894 916 2954; x_wconf 91' lang='lat' dir='ltr'>contexit</span> <span class='ocrx_word' id='word_1_248' title='bbox 936 2906 1024 2970; x_wconf 90' lang='lat' dir='ltr'>atque</span> <span class='ocrx_word' id='word_1_249' title='bbox 1042 2895 1162 2954; x_wconf 88' lang='lat' dir='ltr'>abdidit.</span> 
     </span>
    </p>
   </div>
   <div class='ocr_carea' id='block_1_9' title="bbox 33 2988 1167 3066">
    <p class='ocr_par' dir='ltr' id='par_1_10' title="bbox 33 2988 1167 3066">
     <span class='ocr_line' id='line_1_32' title="bbox 33 2988 1167 3066; baseline 0 -18"><span class='ocrx_word' id='word_1_250' title='bbox 33 3046 35 3048; x_wconf 83' lang='lat'>.</span> <span class='ocrx_word' id='word_1_251' title='bbox 128 3004 192 3061; x_wconf 83' lang='lat'>127.</span> <span class='ocrx_word' id='word_1_252' title='bbox 235 2989 325 3046; x_wconf 92' lang='lat' dir='ltr'>Hanc</span> <span class='ocrx_word' id='word_1_253' title='bbox 346 3001 464 3048; x_wconf 89' lang='lat' dir='ltr'>naturae</span> <span class='ocrx_word' id='word_1_254' title='bbox 478 3000 539 3047; x_wconf 88' lang='lat' dir='ltr'>tam</span> <span class='ocrx_word' id='word_1_255' title='bbox 554 2988 724 3066; x_wconf 91' lang='lat' dir='ltr'>diligentem</span> <span class='ocrx_word' id='word_1_256' title='bbox 738 2989 876 3049; x_wconf 83' lang='lat' dir='ltr'>fabricam</span> <span class='ocrx_word' id='word_1_257' title='bbox 891 2989 1003 3049; x_wconf 89' lang='lat' dir='ltr'>imitata</span> <span class='ocrx_word' id='word_1_258' title='bbox 1016 3001 1060 3049; x_wconf 90' lang='lat' dir='ltr'>est</span> <span class='ocrx_word' id='word_1_259' title='bbox 1073 2989 1167 3048; x_wconf 89' lang='lat' dir='ltr'>homi-</span> 
     </span>
    </p>
   </div>
   <div class='ocr_carea' id='block_1_10' title="bbox 122 3085 1211 3648">
    <p class='ocr_par' dir='ltr' id='par_1_11' title="bbox 122 3085 1211 3648">
     <span class='ocr_line' id='line_1_33' title="bbox 124 3085 1174 3162; baseline 0.005 -22"><span class='ocrx_word' id='word_1_260' title='bbox 124 3102 196 3142; x_wconf 89' lang='lat' dir='ltr'>num</span> <span class='ocrx_word' id='word_1_261' title='bbox 209 3085 392 3145; x_wconf 86' lang='lat' dir='ltr'>verecundia</span> <span class='ocrx_word' id='word_1_262' title='bbox 436 3089 520 3162; x_wconf 89' lang='lat' dir='ltr'>Quae</span> <span class='ocrx_word' id='word_1_263' title='bbox 534 3086 613 3146; x_wconf 90' lang='lat' dir='ltr'>enim</span> <span class='ocrx_word' id='word_1_264' title='bbox 634 3099 738 3146; x_wconf 91' lang='lat' dir='ltr'>natura</span> <span class='ocrx_word' id='word_1_265' title='bbox 757 3088 922 3160; x_wconf 90' lang='lat' dir='ltr'>occultavit,</span> <span class='ocrx_word' id='word_1_266' title='bbox 937 3089 1042 3148; x_wconf 88' lang='lat' dir='ltr'>eadem</span> <span class='ocrx_word' id='word_1_267' title='bbox 1063 3105 1174 3156; x_wconf 83' lang='lat' dir='ltr'>omnes,</span> 
     </span>
     <span class='ocr_line' id='line_1_34' title="bbox 123 3181 1211 3261; baseline -0.002 -21"><span class='ocrx_word' id='word_1_268' title='bbox 123 3181 187 3256; x_wconf 67' lang='lat' dir='ltr'>quir</span> <span class='ocrx_word' id='word_1_269' title='bbox 205 3201 277 3241; x_wconf 88' lang='lat' dir='ltr'>sana</span> <span class='ocrx_word' id='word_1_270' title='bbox 305 3194 403 3244; x_wconf 91' lang='lat' dir='ltr'>mente</span> <span class='ocrx_word' id='word_1_271' title='bbox 431 3195 507 3258; x_wconf 87' lang='lat' dir='ltr'>sunt,</span> <span class='ocrx_word' id='word_1_272' title='bbox 525 3195 676 3244; x_wconf 89' lang='lat' dir='ltr'>removent</span> <span class='ocrx_word' id='word_1_273' title='bbox 696 3186 734 3244; x_wconf 91' lang='lat' dir='ltr'>ab</span> <span class='ocrx_word' id='word_1_274' title='bbox 754 3185 856 3258; x_wconf 90' lang='lat' dir='ltr'>oculis,</span> <span class='ocrx_word' id='word_1_275' title='bbox 867 3185 980 3261; x_wconf 92' lang='lat' dir='ltr'>ipsique</span> <span class='ocrx_word' id='word_1_276' title='bbox 1001 3181 1167 3243; x_wconf 89' lang='lat' dir='ltr'>necessitati</span> <span class='ocrx_word' id='word_1_277' title='bbox 1179 3202 1211 3251; x_wconf 74' lang='lat'>3³</span> 
     </span>
     <span class='ocr_line' id='line_1_35' title="bbox 124 3279 1165 3359; baseline -0.001 -21"><span class='ocrx_word' id='word_1_278' title='bbox 124 3280 195 3338; x_wconf 90' lang='lat' dir='ltr'>dant</span> <span class='ocrx_word' id='word_1_279' title='bbox 210 3299 328 3355; x_wconf 90' lang='lat' dir='ltr'>operam</span> <span class='ocrx_word' id='word_1_280' title='bbox 342 3291 375 3339; x_wconf 91' lang='lat' dir='ltr'>ut</span> <span class='ocrx_word' id='word_1_281' title='bbox 389 3299 478 3356; x_wconf 88' lang='lat' dir='ltr'>quam</span> <span class='ocrx_word' id='word_1_282' title='bbox 489 3281 684 3342; x_wconf 90' lang='lat' dir='ltr'>occultissime</span> <span class='ocrx_word' id='word_1_283' title='bbox 695 3293 833 3359; x_wconf 86' lang='lat' dir='ltr'>pareant;</span> <span class='ocrx_word' id='word_1_284' title='bbox 847 3301 1029 3358; x_wconf 87' lang='lat' dir='ltr'>quarumque</span> <span class='ocrx_word' id='word_1_285' title='bbox 1040 3279 1165 3358; x_wconf 88' lang='lat' dir='ltr'>partium</span> 
     </span>
     <span class='ocr_line' id='line_1_36' title="bbox 123 3376 1164 3455; baseline 0.002 -19"><span class='ocrx_word' id='word_1_286' title='bbox 123 3376 252 3452; x_wconf 91' lang='lat' dir='ltr'>corporis</span> <span class='ocrx_word' id='word_1_287' title='bbox 272 3394 341 3435; x_wconf 92' lang='lat' dir='ltr'>usus</span> <span class='ocrx_word' id='word_1_288' title='bbox 362 3388 430 3435; x_wconf 90' lang='lat' dir='ltr'>sunt</span> <span class='ocrx_word' id='word_1_289' title='bbox 450 3377 613 3450; x_wconf 91' lang='lat' dir='ltr'>necessarii,</span> <span class='ocrx_word' id='word_1_290' title='bbox 635 3397 684 3438; x_wconf 91' lang='lat' dir='ltr'>eas</span> <span class='ocrx_word' id='word_1_291' title='bbox 705 3397 801 3454; x_wconf 91' lang='lat' dir='ltr'>neque</span> <span class='ocrx_word' id='word_1_292' title='bbox 821 3390 917 3455; x_wconf 88' lang='lat' dir='ltr'>partes</span> <span class='ocrx_word' id='word_1_293' title='bbox 941 3397 1038 3455; x_wconf 92' lang='lat' dir='ltr'>neque</span> <span class='ocrx_word' id='word_1_294' title='bbox 1065 3399 1164 3439; x_wconf 87' lang='lat' dir='ltr'>earum</span> 
     </span>
     <span class='ocr_line' id='line_1_37' title="bbox 123 3471 1163 3551; baseline 0.006 -21"><span class='ocrx_word' id='word_1_295' title='bbox 123 3492 193 3532; x_wconf 92' lang='lat' dir='ltr'>usus</span> <span class='ocrx_word' id='word_1_296' title='bbox 208 3471 266 3532; x_wconf 90' lang='lat' dir='ltr'>suis</span> <span class='ocrx_word' id='word_1_297' title='bbox 285 3471 452 3532; x_wconf 92' lang='lat' dir='ltr'>nominibus</span> <span class='ocrx_word' id='word_1_298' title='bbox 471 3476 626 3550; x_wconf 82' lang='lat' dir='ltr'>appellant,</span> <span class='ocrx_word' id='word_1_299' title='bbox 656 3476 796 3551; x_wconf 92' lang='lat' dir='ltr'>quodque</span> <span class='ocrx_word' id='word_1_300' title='bbox 814 3475 908 3535; x_wconf 88' lang='lat' dir='ltr'>facere</span> <span class='ocrx_word' id='word_1_301' title='bbox 927 3486 1010 3551; x_wconf 91' lang='lat' dir='ltr'>turpe</span> <span class='ocrx_word' id='word_1_302' title='bbox 1030 3494 1090 3535; x_wconf 93' lang='lat' dir='ltr'>non</span> <span class='ocrx_word' id='word_1_303' title='bbox 1111 3488 1163 3550; x_wconf 89' lang='lat' dir='ltr'>est,</span> 
     </span>
     <span class='ocr_line' id='line_1_38' title="bbox 122 3569 1164 3648; baseline 0.006 -22"><span class='ocrx_word' id='word_1_304' title='bbox 122 3571 213 3628; x_wconf 92' lang='lat' dir='ltr'>modo</span> <span class='ocrx_word' id='word_1_305' title='bbox 241 3571 364 3641; x_wconf 90' lang='lat' dir='ltr'>occulte,</span> <span class='ocrx_word' id='word_1_306' title='bbox 392 3569 424 3628; x_wconf 92' lang='lat' dir='ltr'>id</span> <span class='ocrx_word' id='word_1_307' title='bbox 451 3569 548 3630; x_wconf 92' lang='lat' dir='ltr'>dicere</span> <span class='ocrx_word' id='word_1_308' title='bbox 576 3572 738 3631; x_wconf 58' lang='lat' dir='ltr'>obscenum*</span> <span class='ocrx_word' id='word_1_309' title='bbox 763 3583 815 3632; x_wconf 92' lang='lat' dir='ltr'>est.</span> <span class='ocrx_word' id='word_1_310' title='bbox 872 3574 977 3648; x_wconf 87' lang='lat' dir='ltr'>Itaque</span> <span class='ocrx_word' id='word_1_311' title='bbox 1005 3591 1060 3632; x_wconf 91' lang='lat' dir='ltr'>nec</span> <span class='ocrx_word' id='word_1_312' title='bbox 1087 3573 1164 3632; x_wconf 91' lang='lat' dir='ltr'>actio</span> 
     </span>
    </p>
   </div>
   <div class='ocr_carea' id='block_1_11' title="bbox 152 3666 1207 3754">
    <p class='ocr_par' dir='ltr' id='par_1_12' title="bbox 152 3666 1207 3754">
     <span class='ocr_line' id='line_1_39' title="bbox 152 3666 1207 3754; baseline 0.007 -28"><span class='ocrx_word' id='word_1_313' title='bbox 152 3666 333 3754; x_wconf 56' lang='lat' dir='ltr'>mmmning</span> <span class='ocrx_word' id='word_1_314' title='bbox 369 3684 465 3725; x_wconf 91' lang='lat' dir='ltr'>rerum</span> <span class='ocrx_word' id='word_1_315' title='bbox 485 3667 599 3727; x_wconf 90' lang='lat' dir='ltr'>illarum</span> <span class='ocrx_word' id='word_1_316' title='bbox 619 3680 719 3745; x_wconf 88' lang='lat' dir='ltr'>aperta</span> <span class='ocrx_word' id='word_1_317' title='bbox 738 3670 898 3745; x_wconf 92' lang='lat' dir='ltr'>petulantia</span> <span class='ocrx_word' id='word_1_318' title='bbox 917 3683 1001 3732; x_wconf 87' lang='lat' dir='ltr'>vacat</span> <span class='ocrx_word' id='word_1_319' title='bbox 1024 3692 1080 3733; x_wconf 92' lang='lat' dir='ltr'>nec</span> <span class='ocrx_word' id='word_1_320' title='bbox 1104 3693 1165 3735; x_wconf 89' lang='lat' dir='ltr'>ora·</span> <span class='ocrx_word' id='word_1_321' title='bbox 1177 3702 1207 3750; x_wconf 78' lang='lat'>35</span> 
     </span>
    </p>
   </div>
   <div class='ocr_carea' id='block_1_12' title="bbox 127 3753 1164 3854">
    <p class='ocr_par' dir='ltr' id='par_1_13' title="bbox 127 3753 1164 3854">
     <span class='ocr_line' id='line_1_40' title="bbox 127 3753 1164 3854; baseline 0.006 -33"><span class='ocrx_word' id='word_1_322' title='bbox 127 3753 333 3854; x_wconf 50' lang='grc' dir='ltr'>ξξοίζξξῃέξξζῗοξ</span> <span class='ocrx_word' id='word_1_323' title='bbox 370 3756 459 3834; x_wconf 91' lang='lat' dir='ltr'>tionis</span> <span class='ocrx_word' id='word_1_324' title='bbox 472 3760 645 3820; x_wconf 85' lang='lat' dir='ltr'>obscenitas.</span> <span class='ocrx_word' id='word_1_325' title='bbox 691 3763 757 3821; x_wconf 86' lang='lat'>128.</span> <span class='ocrx_word' id='word_1_326' title='bbox 778 3763 808 3819; x_wconf 96' lang='lat' dir='ltr'>N</span> <span class='ocrx_word' id='word_1_327' title='bbox 810 3781 846 3822; x_wconf 91' lang='lat' dir='ltr'>ec</span> <span class='ocrx_word' id='word_1_328' title='bbox 857 3781 927 3823; x_wconf 87' lang='lat' dir='ltr'>vero</span> <span class='ocrx_word' id='word_1_329' title='bbox 941 3763 1082 3824; x_wconf 88' lang='lat' dir='ltr'>audiendi</span> <span class='ocrx_word' id='word_1_330' title='bbox 1096 3779 1164 3827; x_wconf 90' lang='lat' dir='ltr'>sunt</span> 
     </span>
    </p>
   </div>
   <div class='ocr_carea' id='block_1_13' title="bbox 127 3852 1161 3938">
    <p class='ocr_par' dir='ltr' id='par_1_14' title="bbox 127 3852 1161 3938">
     <span class='ocr_line' id='line_1_41' title="bbox 127 3852 1161 3938; baseline 0.009 -27"><span class='ocrx_word' id='word_1_331' title='bbox 127 3867 182 3911; x_wconf 65' lang='lat' dir='ltr'>,⁰1³⁰ss</span> <span class='ocrx_word' id='word_1_332' title='bbox 192 3853 233 3894; x_wconf 63' lang='lat'>‘¹¹1⁵</span> <span class='ocrx_word' id='word_1_333' title='bbox 243 3853 330 3904; x_wconf 62' lang='lat' dir='ltr'>fflbiect</span> <span class='ocrx_word' id='word_1_334' title='bbox 373 3852 485 3929; x_wconf 87' lang='lat' dir='ltr'>Cynici,</span> <span class='ocrx_word' id='word_1_335' title='bbox 500 3866 550 3915; x_wconf 90' lang='lat' dir='ltr'>aut</span> <span class='ocrx_word' id='word_1_336' title='bbox 571 3854 595 3914; x_wconf 94' lang='lat' dir='ltr'>si</span> <span class='ocrx_word' id='word_1_337' title='bbox 615 3854 665 3931; x_wconf 92' lang='lat' dir='ltr'>qui</span> <span class='ocrx_word' id='word_1_338' title='bbox 686 3858 801 3916; x_wconf 89' lang='lat' dir='ltr'>fuerunt</span> <span class='ocrx_word' id='word_1_339' title='bbox 822 3856 912 3917; x_wconf 89' lang='lat' dir='ltr'>Stoici</span> <span class='ocrx_word' id='word_1_340' title='bbox 932 3879 1027 3935; x_wconf 89' lang='lat' dir='ltr'>paene</span> <span class='ocrx_word' id='word_1_341' title='bbox 1049 3862 1161 3938; x_wconf 89' lang='lat' dir='ltr'>Cynici,</span> 
     </span>
    </p>
   </div>
   <div class='ocr_carea' id='block_1_14' title="bbox 0 0 1340 4296">
    <p class='ocr_par' dir='ltr' id='par_1_15' title="bbox 0 0 1340 4296">
     <span class='ocr_line' id='line_1_42' title="bbox 0 0 1340 4296; baseline 0 1"><span class='ocrx_word' id='word_1_342' title='bbox 0 0 1340 4296; x_wconf 95' lang='lat' dir='ltr'> </span> 
     </span>
    </p>
   </div>
  </div>
 </body>
</html>
