2670 4296
197 209 257 265 104
448 173 512 255 'De
528 196 693 256 contmtbne
710 198 832 257 Honesti
849 204 875 258 et
900 199 986 258 err's
1080 196 1180 280 [IIlv
1196 214 1232 274 23

197 378 258 421 non
279 368 460 439 repugnante
481 374 597 426 natura:
618 365 691 426 illud
713 378 816 427 natura
837 386 898 429 non
920 367 1035 445 patitur,
1051 378 1084 428 ut
1104 366 1229 428 aliorum

197 455 297 534 spoliis
316 467 428 517 nostras
446 459 607 534 facultates,
620 461 727 539 copias,
743 482 815 539 opes
836 484 1011 541 augeamus.
1047 485 1061 524 2
1065 485 1092 541 3.
1123 466 1231 539 Neque

198 583 227 634 (a)
237 583 309 644 eyn„
318 585 413 628 remor
446 575 516 617 vero
529 558 587 617 hoc
601 561 697 619 solum
710 572 822 634 natura,
837 561 869 622 id
887 573 931 623 est
950 561 1011 622 iure
1024 562 1165 644 gentium,
1181 561 1235 621 sed

197 635 395 686 ⁹²¹⁰&st
448 645 545 715 etiam'
570 656 682 732 legibus
710 646 895 733 populorum,
924 658 1030 735 quibus
1058 658 1088 717 in
1116 657 1236 734 singulis

197 749 361 812 civitatibus
384 771 430 812 res
454 750 572 829 publica
595 751 768 825 continetur,
794 754 901 813 eodem
925 755 1017 814 modo
1041 752 1234 814 constitutum
1265 785 1279 832 5

196 856 250 918 est,
265 857 297 906 ut
310 866 372 907 non
386 847 472 907 liceat
486 830 531 908 sui
545 847 696 908 commodi
714 868 803 908 causa
816 868 923 910 nocere
936 850 1025 909 alteri
1069 852 1141 910 Hoc
1154 846 1234 909 enim

197 953 330 1018 spectant
349 944 437 1021 leges,
459 944 518 1004 hoc
537 946 648 1016 volunt,
670 943 850 1004 incolumem
870 965 934 1006 esse
961 945 1069 1005 civium
1096 944 1235 1005 coniunc-

196 1037 316 1113 tionem,
349 1059 439 1117 quam
466 1039 518 1116 qui
538 1040 687 1114 dirimunt,
708 1060 760 1101 eos
780 1052 875 1101 morte
895 1041 988 1114 exilio,
1001 1041 1103 1101 vinclis
1124 1043 1234 1101 damno

446 1140 589 1198 coercent
633 1140 732 1214 Atque
753 1139 810 1199 hoe
834 1140 928 1198 multo
948 1138 1040 1216 magis
1060 1138 1148 1199 efficit
1169 1137 1232 1214 ipsa

196 1212 409 1316 ηἶξιζξῃὲἶξςᾞῗ
447 1247 567 1297 naturae
589 1236 672 1310 rati0,
690 1256 767 1312 quae
784 1248 828 1297 est
849 1239 897 1298 lex
914 1237 1014 1297 divina
1034 1248 1064 1298 et
1084 1238 1231 1296 humana:
1249 1259 1278 1292 ιο

196 1313 409 1415 ffissspffisseffi}
445 1333 494 1395 cui
521 1354 621 1412 parere
649 1334 700 1411 qui
727 1334 940 1396 velit-omnes
960 1347 1060 1397 autem
1080 1335 1232 1411 parebunt,

196 1413 409 1506 ii‘e‘ffiisvgiififfi
446 1431 497 1508 qui
524 1432 688 1492 secundum
715 1442 847 1490 naturam
874 1434 975 1492 volent
1001 1431 1234 1493 vivere-num-

197 1513 409 1606 {ssffsssseygfflffffissg
446 1548 536 1605 quam
570 1527 733 1588 committet
767 1537 800 1586 ut
833 1527 961 1587 alienum
989 1539 1108 1605 appetat
1135 1539 1165 1588 et
1192 1525 1232 1599 id,

196 1614 409 1708 ξξξῃῆζζξζξῑξξζ
447 1626 529 1700 quod
549 1623 632 1684 alteri
653 1623 817 1695 detraxerit,
833 1623 888 1684 sibi
902 1626 1046 1684 adsumat.
1091 1644 1136 1697 ²4·
1167 1626 1233 1686 Ete-

195 1715 410 1807 glsmggnsg‘ffiffi
447 1721 509 1780 nim
528 1722 622 1780 multo
641 1719 733 1797 magis
744 1731 797 1788 ¹est
812 1723 976 1781 secundum
990 1732 1124 1782 naturam
1138 1724 1231 1784 excel·
1247 1741 1274 1791 15

194 1813 319 1866 ‘dmm
446 1818 515 1879 sitas
534 1816 625 1876 animi
643 1828 673 1878 et
691 1818 863 1895 magnitudo
882 1818 1013 1895 itemque
1028 1819 1159 1892 comitas,
1175 1820 1232 1881 ius·

194 1916 265 1989 titia,
285 1915 442 1977 liberalitas
460 1934 551 1992 quam
561 1917 705 1990 voluptas,
721 1933 811 1990 quam
822 1914 890 1985 vita,
905 1935 994 1991 quam
1009 1915 1127 1976 divitiae
1135 1938 1145 1976 :·
1155 1937 1232 1993 quae

193 2012 315 2089 quidem
336 2025 526 2073 contemnere
548 2021 578 2070 et
599 2030 652 2086 pro
675 2010 766 2071 nihilo
789 2011 896 2071 ducere
919 2023 1140 2088 comparantem
1162 2032 1231 2073 cum

185 2109 317 2170 ‘utilitate
335 2108 487 2169 communi
505 2107 604 2184 magni
623 2105 714 2166 animi
732 2116 761 2166 et
776 2106 884 2167 excelsi
897 2118 949 2167 est.
993 2106 1167 2188 [Detrahere
1181 2130 1231 2169 au·
1255 2116 1261 2128 ‘

193 2217 254 2266 tem
278 2208 316 2266 de
336 2209 427 2267 altero
449 2205 493 2266 sui
513 2204 664 2264 commodi
684 2223 773 2263 causa
796 2204 888 2281 magis
910 2216 954 2265 est
975 2217 1076 2265 contra
1097 2220 1230 2268 naturam
1243 2227 1274 2262 20
1311 2243 1314 2246 -

192 2323 283 2380 quam
303 2323 390 2376 mors,
406 2322 496 2380 quarn
517 2304 609 2373 dolor,
625 2320 715 2377 quam
729 2312 827 2361 cetera
845 2301 960 2378 generis
980 2301 1136 2385 eiusdem]
1181 2326 1196 2363 2
1200 2322 1227 2382 5.

135 2397 137 2402 ’
194 2405 330 2479 Itemque
348 2402 440 2479 magis
458 2412 503 2462 est
521 2400 685 2461 secundum
703 2411 837 2459 naturam
854 2419 907 2476 pro
926 2401 1063 2462 omnibus
1083 2402 1228 2480 gentibus,

192 2499 218 2559 si
244 2499 306 2560 fieri
332 2499 433 2577 possit,
462 2497 669 2559 conservandis
696 2508 747 2557 aut
774 2496 909 2557 iuvandis
941 2498 1085 2560 maximos
1112 2501 1227 2561 labores

193 2595 400 2671 molestiasque
413 2595 560 2672 suscipere
573 2593 737 2654 imitantem
752 2596 913 2654 Herculem
927 2594 1018 2667 illum,
1034 2615 1123 2672 quem
1136 2595 1230 2656 homi·

192 2710 264 2750 num
274 2694 352 2751 sama
361 2690 570 2753 beneficiorum
581 2710 694 2751 memor
704 2690 735 2750 in
745 2690 871 2750 concilio
883 2690 1052 2750 caelestium
1063 2691 1227 2765 collocavit,
1242 2711 1270 2759 ²5

192 2807 281 2864 quam
302 2787 400 2848 vivere
421 2787 452 2846 in
473 2787 630 2847 solitudine
653 2807 715 2848 non
736 2787 827 2846 modo
850 2785 913 2846 sine
935 2786 1001 2846 ullis
1019 2788 1160 2849 molestiis
1175 2790 1228 2848 sed

190 2883 278 2944 etiam
292 2883 323 2943 in
336 2883 470 2944 maximis
483 2883 680 2960 voluptatibus
704 2883 905 2943 abundantem
924 2882 1060 2943 omnibus
1078 2884 1180 2961 copiis,
1194 2894 1227 2944 ut

190 2981 315 3040 excellas
329 2980 418 3042 etiam
431 2979 647 3057 pulchritudine
661 2991 692 3040 et
704 2979 820 3039 viribus.
864 2979 1011 3055 Quocirca
1023 2979 1137 3056 optimo
1151 2979 1228 3057 quis-

190 3094 249 3152 que
262 3087 292 3137 et
305 3075 543 3152 splendidissimo
553 3075 672 3153 ingenio
685 3078 772 3152 louge
783 3075 863 3135 illam
877 3060 966 3134 vitam
980 3075 1049 3135 huic
1063 3076 1223 3152 anteponit.

191 3173 236 3230 Ex
250 3191 309 3248 quo
323 3171 447 3232 efficitur
465 3172 617 3232 hominem
631 3182 752 3232 naturae
766 3171 973 3232 oboedientem
988 3171 1102 3231 homini
1117 3191 1223 3233 nocere
1240 3184 1271 3232 30

215 3287 401 3329 tremonem
439 3284 499 3325 non
514 3284 608 3341 posse.
652 3267 697 3323 26.
732 3264 850 3325 Deinde
868 3263 919 3340 qui
936 3266 1058 3324 alterum
1076 3265 1174 3338 violat,
1194 3277 1226 3326 ut

189 3347 282 3429 illl}
290 3338 401 3429 {iiiiii}
438 3361 501 3438 ipse
515 3362 626 3438 aliquid
640 3362 791 3422 commodi
810 3375 1013 3438 consequatur,
1029 3373 1079 3422 aut
1094 3363 1166 3422 nihil
1180 3383 1226 3424 ex·

187 3438 400 3530 gffiffissesffiff
437 3457 546 3519 istimat
560 3478 592 3518 se
606 3460 700 3519 facere
714 3470 817 3519 contra
834 3469 969 3519 naturam
982 3470 1033 3519 aut
1047 3459 1139 3537 magis
1153 3460 1225 3538 rugi-

235 3627 353 3680 3natura
369 3626 394 3668 et
410 3621 461 3669 iore
481 3621 518 3670 Or
533 3620 569 3668 Be
584 3618 673 3668 invr‘tis
687 3619 751 3667 codd.
790 3621 800 3675 ll
837 3620 867 3668 18
888 3619 1051 3669 communitas
1070 3623 1094 3669 Z
1108 3622 1156 3670 alii
1169 3638 1224 3670 cum

188 3705 317 3752 rronnullis
328 3704 400 3762 codd,
421 3703 453 3767 ιβ
474 3704 489 3763 3
509 3706 555 3753 118
590 3706 601 3760 ΙΙ
639 3715 669 3764 19
691 3703 860 3767 Heusingmn
879 3709 962 3752 autem
982 3705 1090 3753 mutavit
1104 3705 1132 3753 in
1148 3722 1224 3769 ergo:

187 3790 264 3833 totum
274 3785 351 3833 lorum
362 3784 489 3833 detrahere
498 3782 723 3834 autem...eiusdem
733 3785 830 3833 seclusit
840 3786 881 3834 Ba
892 3792 921 3833 ut
931 3787 966 3843 ιθ
978 3801 1006 3834 rr
1017 3786 1180 3835 inculcatum:
1195 3789 1223 3835 in

187 3864 341 3926 surpzh'onem
357 3870 483 3913 vocamrat
502 3864 554 3914 iam
574 3863 727 3913 Facciolatus
772 3869 782 3923 ΙΙ
826 3882 856 3929 33
876 3864 992 3929 fugienda
1012 3867 1053 3915 Ba
1071 3867 1152 3916 Hcine
1167 3884 1223 3916 cum

187 3945 282 4011 aliquot
291 3946 354 4006 codd,
368 3946 508 4010 fugiendam
517 3946 589 4009 nupt
599 3947 640 3995 Lu
