2670 4296
211 224 272 278 'roo
470 219 520 277 De
536 218 702 276 contmtnne
718 216 841 276 Honesti
857 222 885 274 ct
910 216 996 276 (nilis
1083 212 1250 295 [11111111

212 398 274 447 tam
292 384 464 463 reliquisset,
479 384 740 446 absolveret—oris
761 384 841 444 enim
859 385 1048 462 pulchritudo
1068 385 1172 462 reliqui
1192 405 1255 446 cor-

213 483 292 560 poris
305 481 441 542 imitandi
454 502 538 560 spem
551 481 782 542 auferebat-sic
805 502 850 558 ea,
869 501 945 558 quae
960 480 1117 541 Panaetius
1130 492 1254 558 praeter-

214 578 341 639 misisset
354 590 385 640 et
398 598 460 638 non
472 579 648 656 perfecisset,
655 591 773 656 propter
783 597 885 638 eorum
899 596 976 655 quae
989 577 1158 654 perfecisset
1172 597 1254 655 prae·

216 677 354 737 stantiam
368 675 518 736 neminem
529 687 726 753 persecutum.

162 776 206 826 111
530 793 574 832 11.
618 773 846 847 Quamobrem
864 773 903 832 de
921 771 1032 833 iudicio
1052 770 1183 832 Panaetii
1205 773 1256 832 du·
1288 794 1302 842 5

216 849 431 952 „ffissssqffiflss
467 867 553 928 bitari
573 887 634 927 non
655 878 752 945 potest
757 890 766 942 3
786 879 904 928 rectene
924 879 1023 927 autem
1042 869 1120 926 hanc
1140 867 1254 928 tertiam

217 951 430 994 ¹³²³²⁶¹i¹¹⁵d¹dm¹¹
467 977 579 1042 partem
598 966 638 1024 ad
656 965 871 1042 exquirendum
890 965 1019 1024 officium
1039 964 1203 1024 adiunxerit
1217 985 1255 1024 an

215 1052 429 1145 ffidfflssssg
467 1081 559 1134 secus,
573 1061 611 1122 de
627 1081 665 1122 eo
676 1065 798 1122 sortasse
809 1062 950 1139 disputari
964 1072 1068 1138 potest
1098 1063 1177 1120 Nam
1192 1061 1253 1121 sive
1288 1052 1292 1060 ’

216 1167 255 1195 “¹¹
277 1153 304 1194 ¹³⁶
324 1166 367 1203 ³¹¹⁹
384 1152 427 1193 ¹⁶²¹
463 1158 622 1216 honestum
644 1158 740 1216 solum
760 1157 874 1217 bonum
894 1167 947 1229 est,
968 1169 1002 1216 ut
1025 1155 1130 1217 Stoicis
1151 1157 1255 1233 placet,

216 1203 300 1244 condiet
332 1203 427 1243 between

218 1254 354 1304 Exoediencr
388 1253 430 1294 md
467 1253 537 1327 sive,
552 1255 634 1330 quod
648 1255 806 1315 honestum
820 1266 874 1327 est,
885 1255 918 1314 id
931 1255 972 1314 ita
985 1274 1134 1315 summum
1144 1256 1257 1314 bonum
1272 1278 1302 1313 ro

215 1304 286 1346 Moral
295 1303 415 1354 Rectitude,

467 1363 520 1425 est,
535 1352 816 1428 quemadmodum
837 1353 1037 1430 Peripateticis
1056 1353 1158 1413 vestris
1179 1354 1257 1413 vide-

215 1461 270 1524 tur,
290 1451 323 1511 ut
345 1448 445 1511 omnia
466 1470 503 1510 ex
525 1450 615 1508 altera
637 1459 720 1524 parte
741 1450 886 1508 collocata
908 1449 956 1508 vix
977 1449 1092 1508 minimi
1114 1449 1257 1509 momenti

216 1547 306 1607 instar
326 1549 462 1621 habeant,
478 1545 676 1606 dubitandum
697 1565 759 1605 non
779 1557 823 1606 est
837 1547 909 1622 quin
921 1567 1084 1622 numquam
1097 1547 1190 1625 possit
1203 1548 1258 1609 uti-

216 1644 281 1704 litas
302 1665 372 1704 cum
394 1647 549 1704 honestate
571 1644 761 1704 contendere.
805 1646 911 1720 Itaque
925 1644 1093 1721 accepimus
1107 1647 1257 1706 Socratem

216 1741 343 1801 execrari
365 1741 485 1801 solitum
505 1759 565 1811 eos,
579 1739 631 1821 qui
650 1739 778 1816 primurn
792 1741 866 1800 haec
880 1753 984 1800 natura
997 1743 1184 1804 cohaerentia
1197 1743 1257 1820 opi·
1272 1761 1303 1808 15,

215 1837 305 1898 nione
320 1838 525 1898 distraxissent.
570 1822 627 1898 Cui
648 1837 770 1913 quidem
791 1837 832 1897 ita
850 1849 918 1897 sunt
931 1837 1022 1898 Stoici
1036 1839 1155 1912 assensi,
1171 1850 1255 1912 utet,

216 1936 363 2012 quidquid
387 1938 547 1996 honestum
570 1916 655 2008 esset,
680 1934 712 1994 id
735 1935 807 1994 utile
829 1955 894 1995 esse
918 1948 1072 1996 censerent
1105 1956 1161 1996 nec
1185 1935 1256 1996 utile
1309 2012 1311 2016 .

216 2032 384 2109 quicquam,
407 2034 490 2110 quod
514 2053 575 2092 non
599 2034 766 2092 honestum.
812 2051 855 2090 12.
899 2033 991 2108 Quod
1013 2032 1037 2092 si
1059 2033 1084 2092 is
1105 2043 1182 2097 esset
1204 2035 1257 2092 Pa·

217 2129 339 2203 naetius,
354 2129 406 2206 qui
419 2129 554 2190 virtutem
569 2139 724 2206 propterea
742 2131 900 2189 colendam
919 2129 1037 2202 diceret,
1053 2131 1135 2205 quod
1150 2149 1185 2190 ea
1198 2130 1257 2190 effi·
1272 2116 1274 2119 ⁵

217 2225 298 2284 ciens
317 2224 449 2285 utilitatis
468 2233 556 2298 es'set,
570 2236 604 2284 ut
621 2225 650 2297 ii,
661 2225 712 2300 qui
730 2244 776 2284 res
790 2225 969 2301 expetendas
986 2226 1033 2283 vel
1046 2226 1196 2301 voluptate
1209 2226 1256 2284 vel
1270 2246 1302 2280 20

217 2319 381 2380 indolentia
399 2320 569 2393 metiuntur,
585 2320 686 2380 liceret
697 2320 724 2380 ei
736 2320 833 2380 dicere
844 2320 1000 2379 utilitatem
1014 2320 1173 2396 aliquando
1188 2339 1256 2379 cum

216 2418 370 2477 honestate
383 2436 520 2495 pugnare.
563 2417 622 2477 Sed
639 2434 708 2475 cum
725 2416 762 2476 sit
778 2416 810 2489 is,
818 2417 872 2492 ¹qui
890 2416 921 2475 id
940 2418 1036 2476 solum
1054 2418 1165 2477 bonum
1184 2417 1257 2479 iudi·

215 2528 271 2590 cet,
293 2517 376 2592 quod
402 2516 560 2576 honestum
587 2510 643 2588 sit,
656 2534 732 2591 quae
760 2526 860 2574 autem
884 2514 953 2573 huic
973 2527 1135 2592 repugnent
1157 2515 1255 2592 specie

215 2616 344 2691 quadam
366 2613 497 2673 utilitatis
529 2632 631 2672 eorum
659 2631 756 2689 neque
784 2611 953 2672 accessione
986 2613 1138 2673 meliorem
1166 2613 1256 2672 vitam

215 2709 278 2769 fieri
301 2728 357 2767 nec
379 2709 551 2769 decessione
574 2709 713 2785 peiorem,
730 2728 791 2768 non
809 2709 926 2768 videtur
944 2709 1080 2769 debuisse
1098 2709 1160 2770 eius
1174 2710 1256 2772 modi
1270 2729 1299 2779 25

216 2805 459 2866 deliberationem
474 2805 671 2880 introducere,
689 2805 719 2864 in
742 2813 802 2882 qua
823 2807 906 2882 quod
927 2805 998 2865 utile
1019 2806 1166 2869 videretur
1186 2797 1255 2866 cum

190 2893 260 2972 '‘e0,
288 2902 371 2976 quod
398 2901 557 2960 honestum
584 2913 637 2973 est,
666 2911 890 2977 compararetur.
950 2921 993 2976 13.
1027 2903 1146 2962 Etenim
1174 2906 1256 2980 quod

214 3016 363 3056 summum
387 2997 500 3056 bonum
523 3016 541 3056 a
563 2994 667 3057 Stoicis
693 2996 807 3069 dicitur,
833 2998 1088 3058 convenienter
1111 3010 1256 3060 naturae

213 3092 339 3166 vivere,
355 3092 387 3152 id
407 3094 496 3153 habet
517 3094 601 3163 hanc,
614 3104 647 3152 ut
668 3092 778 3169 opinor,
786 3093 971 3166 sententiam,
986 3113 1054 3153 cum
1068 3094 1174 3158 virtute
1188 3116 1257 3156 con-

215 3207 320 3265 gruere
342 3207 465 3265 semper,
482 3201 580 3248 cetera
594 3200 702 3261 autem,
718 3208 794 3265 quae
809 3190 972 3248 secundum
993 3202 1127 3249 naturam
1148 3204 1254 3265 essent,
1269 3215 1302 3261 30

215 3284 256 3343 ita
276 3285 380 3361 legere,
400 3284 424 3344 si
445 3304 481 3344 ea
501 3284 600 3344 virtuti
622 3305 682 3344 non
703 3296 905 3363 repugnarent
949 3287 1040 3362 Quod
1059 3306 1129 3347 cum
1150 3288 1190 3352 ita
1210 3289 1256 3362 sit,

257 3389 321 3440 tant
341 3379 462 3455 quidam
486 3381 563 3439 hanc
592 3381 842 3458 comparationem
870 3401 931 3441 non
955 3393 1034 3442 recte
1059 3382 1256 3444 introductam

288 3473 423 3537 omnino
450 3477 488 3537 de
515 3496 552 3537 eo
576 3496 683 3554 genere
710 3477 868 3555 quicquam
890 3478 1131 3562 praecipiendum
1159 3481 1254 3543 fuisse.

216 1003 237 1043 in
264 1003 378 1062 proposing
407 1010 430 1043 to

293 3712 367 3767 verba
376 3721 401 3766 et
411 3731 462 3766 non
473 3717 612 3782 perfecisset
624 3735 687 3784 qnae
696 3721 785 3769 desunt
795 3721 824 3769 in
837 3721 966 3770 nonnullis
979 3722 1043 3770 codd.
1055 3722 1204 3775 secluserunt
1214 3721 1254 3768 Ba

295 3798 300 3805 '
344 3798 355 3855 Η
405 3797 561 3858 μιαιιίυεπι
575 3806 729 3863 persecutum
744 3803 775 3850 St
789 3802 871 3851 Heine
884 3803 925 3851 Lu
939 3818 995 3850 cum
1011 3803 1105 3867 aliquot
1120 3803 1184 3855 codd.
1201 3817 1254 3850 esse

281 3876 285 3885 '
378 3877 452 3943 vulgo
486 3881 496 3936 ΙΙ
532 3891 563 3944 27
578 3880 709 3930 honestum
720 3889 783 3930 esset
794 3882 835 3930 Ba
846 3883 887 3931 Lu
897 3897 953 3931 cum
963 3883 1010 3933 cod.
1024 3899 1045 3932 c.
1084 3904 1087 3914 .
