2670 4296
109 206 142 265 11
158 222 192 264 rx
207 201 258 285 32]
455 212 483 263 et
500 205 643 264 contrario
661 205 721 279 eius
740 210 815 262 metu
1116 217 1149 276 71

107 369 186 448 iique
206 370 262 447 ipsi
282 369 341 429 iam
361 381 492 431 extrema
513 371 622 430 scelera
642 378 816 440 metuentes,
831 386 893 426 rem
913 384 984 426 vero
1004 363 1153 442 publicam

108 466 224 544 penitus
237 465 396 526 amisimus.
432 468 532 542 Atque
545 464 576 523 in
590 466 643 524 has
657 465 756 524 clades
770 461 1153 522 incidimus-redeundum

108 576 153 624 est
172 564 252 624 enim
272 565 312 624 ad
331 562 628 641 propositum-dum
649 561 742 623 metui
755 580 846 638 quam
864 557 923 619 cari
941 577 1006 619 esse
1024 569 1054 618 et
1072 556 1154 635 diligi

109 661 261 720 malumus
315 662 399 735 Quae
427 658 452 718 si
478 660 590 736 populo
617 661 756 718 Romano
788 656 895 716 iniuste
927 653 1081 730 imperanti
1108 672 1154 713 ac-

109 756 206 817 cidere
233 766 398 832 potuerunt,
427 753 501 831 quid
531 754 642 815 debent
669 765 771 830 putare
799 750 925 829 singuli?
966 750 1058 825 Quod
1084 768 1153 809 cum
1182 775 1195 823 5

358 851 545 929 perspicuum
577 851 614 911 sit
646 848 868 912 benevolentiae
895 847 955 907 vim
985 865 1049 906 esse
1076 864 1154 924 mag·

109 927 323 1026 „,¹,¹,‘{”'hf,‘,'„1,',⁵¹¹,{{
358 966 436 1018 narn,
456 957 552 1007 metus
573 944 749 1017 inbecillam,
764 943 894 1020 sequitur
914 953 947 1002 ut
967 940 1143 1002 disseramus

109 1029 234 1074 ⁰⁰¹¹fid⁶¹'⁰‘·
355 1041 462 1117 quibus
494 1041 581 1100 rebus
613 1039 750 1100 facillime
781 1038 927 1115 possimus
959 1055 1025 1097 eam
1063 1054 1152 1112 quam

133 1095 168 1136 All
183 1095 239 1135 alike
256 1094 317 1135 stand

109 1144 202 1245 {⁸533
219 1145 317 1244 0213&
355 1141 492 1198 volumus
525 1136 648 1215 adipisci
675 1156 744 1195 cum
771 1137 884 1195 honore
911 1143 941 1194 et
968 1134 1028 1193 fide
1052 1132 1152 1192 carita-

109 1244 319 1294 commotorum
356 1248 424 1296 tem,
468 1254 514 1310 30.
544 1235 603 1294 Sed
625 1252 661 1293 ea
683 1252 744 1293 non
767 1232 874 1310 pariter
896 1250 999 1291 omnes
1023 1250 1153 1308 egemus:
1167 1263 1195 1298 ιο

108 1295 194 1345 general
201 1296 247 1335 love
254 1295 318 1335 based

109 1344 321 1445 gffeegnggcetngfetffgg
356 1353 427 1392 nam
471 1333 510 1392 ad
544 1332 687 1408 cuiusque
718 1330 809 1389 vitam
842 1328 1005 1388 institutam
1038 1348 1152 1389 accom-

108 1443 178 1502 renpw
199 1445 291 1495 citizens,
356 1430 539 1489 modandum
560 1439 614 1501 est,
628 1448 646 1488 a
660 1426 798 1487 multisne
819 1445 894 1502 opus
914 1424 951 1484 sit
970 1444 1008 1483 an
1027 1425 1096 1485 satis
1115 1425 1152 1485 sit

109 1493 320 1586 {iiidiffiiii‘i
356 1543 375 1584 a
394 1525 495 1601 paucis
517 1524 606 1602 diligi.
650 1526 771 1585 Certum
789 1522 874 1600 igitur
891 1524 950 1582 hoc
968 1521 1005 1582 sit
1019 1522 1109 1599 idque
1122 1534 1152 1584 et

109 1593 262 1646 μήποτ’·
357 1621 484 1698 primuni
504 1631 535 1680 et
555 1639 691 1681 maxume
717 1619 921 1693 necessarium,
943 1619 1152 1679 familiaritates

109 1715 216 1777 babere
226 1717 299 1776 fidas
310 1718 471 1778 amantium
486 1737 540 1778 nos
552 1718 714 1778 amicorum
725 1729 755 1778 et
765 1730 864 1781 nostra
878 1717 1059 1777 mirantium:
1078 1717 1152 1777 haec
1166 1741 1192 1790 ¹5

108 1812 188 1874 enim
201 1833 261 1873 una
279 1833 324 1874 res
342 1835 467 1892 prorsus,
483 1825 516 1877 ut
536 1834 596 1874 non
617 1817 743 1874 multum
758 1815 872 1875 differat
886 1813 962 1874 inter
976 1833 1108 1873 summos
1121 1824 1152 1874 et

108 1909 264 1973 mediocris
278 1911 364 1985 viros,
380 1893 474 1987 aeque
488 1911 619 1987 utrisque
643 1922 687 1971 est
712 1911 930 1989 propemodum
944 1910 1149 1987 comparanda

109 2023 154 2080 31.
173 2007 298 2068 Honore
311 2019 341 2069 et
355 2008 446 2086 gloria
460 2019 489 2069 et
505 2006 709 2068 benevolentia
724 2006 832 2066 civium
846 2009 966 2069 sortasse
983 2027 1043 2068 non
1057 2026 1151 2083 aeque

109 2117 212 2160 omnes
226 2113 322 2179 egent,
345 2103 399 2163 sed
419 2114 528 2172 tamen,
550 2101 575 2160 si
595 2101 644 2160 cui
664 2103 739 2162 haec
759 2113 927 2178 suppetunt,
941 2102 1082 2163 adiuvant
1102 2101 1151 2162 ali-

108 2205 252 2270 quantum
267 2216 336 2255 cum
350 2197 390 2256 ad
403 2209 500 2257 cetera
513 2208 577 2256 tum
591 2197 630 2255 ad
643 2196 785 2256 amicitias
799 2198 1018 2274 comparandas.
1163 2225 1194 2258 ro

57 2312 97 2362 1x
419 2294 479 2353 Sed
502 2294 541 2353 de
564 2292 693 2353 amicitia
716 2292 774 2352 alio
799 2293 873 2352 libro
898 2292 1077 2352 dictumest
1100 2291 1151 2368 qui

136 2365 166 2459 ‘0⁵2
180 2367 302 2460 ἶξῗζῗᾷἶ·
360 2388 524 2450 inscribitur
546 2389 670 2450 Laelius
715 2392 804 2448 Nunc
818 2389 951 2448 dicamus
970 2390 1008 2449 de
1029 2387 1148 2466 gloria,

359 2504 539 2567 quamquam
563 2504 599 2545 ea
619 2504 740 2561 quoque
767 2486 805 2544 de
832 2504 863 2545 re
885 2485 946 2544 duo
970 2495 1038 2544 sunt
1058 2483 1151 2544 nostri

111 2578 259 2652 librised
279 2580 463 2660 attingamus,
486 2582 606 2660 quando
627 2581 749 2658 quidem
771 2601 807 2641 ea
830 2580 860 2640 in
884 2582 971 2642 rebus
993 2581 1150 2642 maioribus

110 2676 348 2739 administrandis
372 2679 491 2739 adiuvat
514 2679 681 2757 plurimum.
723 2679 845 2737 Summa
868 2677 953 2754 igitur
973 2689 1003 2738 et
1023 2681 1191 2755 perfectam

109 2772 201 2849 gloria
221 2786 336 2834 constat
357 2795 394 2835 ex
414 2775 506 2835 tribus
527 2775 590 2835 his:
615 2774 639 2834 si
659 2773 752 2851 diligit
770 2773 937 2846 multitudo,
953 2773 978 2833 si
996 2775 1086 2835 fidem
1102 2776 1152 2834 ha·

111 2868 169 2941 bet,
185 2868 209 2927 si
229 2889 298 2928 cum
318 2870 511 2931 admiratione
526 2872 653 2948 quadam
674 2871 787 2930 honore
808 2869 913 2946 dignos
930 2880 1021 2946 putat
1064 2872 1150 2931 Haec

111 2976 219 3038 autem,
241 2965 265 3025 si
285 2979 329 3028 est
350 2967 518 3045 simpliciter
541 2967 725 3044 breviterque
746 2965 916 3041 dicendum,
938 2966 1044 3043 quibus
1063 2967 1151 3028 rebus

82 3081 83 3086 ¹
110 3062 261 3139 pariuntur
274 3084 292 3123 a
305 3064 434 3142 singulis,
449 3064 563 3126 eisdem
582 3068 641 3125 sere
659 3084 677 3124 a
696 3063 892 3125 multitudine.
934 3064 993 3123 Sed
1012 3073 1057 3124 est
1076 3063 1151 3125 alius

111 3177 231 3235 quoque
254 3161 376 3236 quidam
403 3162 500 3222 aditus
524 3163 563 3222 ad
587 3160 815 3234 multitudinem,
838 3171 871 3220 ut
895 3159 925 3218 in
950 3159 1150 3222 universorum
1162 3177 1193 3227 30

136 3306 167 3356 (a,
181 3302 317 3346 uowtowrn
359 3258 473 3318 animos
501 3268 652 3334 tamquam
679 3257 800 3317 influere
826 3255 979 3333 possimus.
1033 3276 1079 3332 32.
1105 3260 1151 3318 Ao

111 3355 319 3411 „nonnanes
360 3351 487 3428 primum
515 3353 553 3413 de
573 3350 629 3412 illis
649 3351 750 3426 tribus,
773 3371 849 3428 quae
873 3362 942 3413 ante
962 3351 1031 3426 dixi,
1052 3352 1148 3414 beni·

112 3407 276 3449 ¹¹⁰¹¹⁰¹¹m
358 3446 536 3509 volentiae
560 3459 717 3525 praecepta
736 3447 898 3519 Videamus'
935 3469 1010 3526 quae
1030 3450 1151 3527 qnidem

156 3627 172 3671 4
189 3609 318 3659 maluimus
330 3609 353 3657 Z
362 3608 402 3657 Bo
412 3608 449 3657 Be
458 3624 514 3658 carm
525 3623 575 3656 nrm
586 3607 664 3657 nullis
674 3607 737 3659 codd.
775 3610 785 3664 ΙΙ
823 3619 851 3670 15
868 3607 997 3673 vulgatum
1007 3608 1068 3658 haec
1078 3606 1145 3659 enim

109 3693 208 3737 catuna
226 3702 374 3750 res...eaque
391 3687 500 3750 utrisque
516 3693 552 3736 est
567 3693 615 3735 etc.
630 3691 731 3733 servant
745 3685 784 3735 Zu
797 3686 841 3742 Or,
856 3702 934 3751 eaque
947 3702 1024 3751 aeque
1036 3687 1145 3751 utrisque

108 3782 169 3818 corr.
184 3769 215 3815 St
248 3772 257 3824 ΙΙ
295 3783 322 3816 21
341 3768 412 3818 verba
426 3770 468 3830 qui
480 3767 619 3816 inscribitur
634 3764 732 3815 Laelius
744 3772 801 3830 post
816 3767 977 3817 Gulielmium
988 3773 1037 3830 pro
1051 3767 1146 3833 spuriis

108 3847 179 3895 habet
187 3849 228 3896 Ba
238 3848 283 3911 qui
287 3855 335 3911 pro
345 3847 395 3896 alio
405 3848 469 3896 libro
480 3847 587 3910 requirit
596 3862 626 3895 eo
637 3847 708 3907 libro,
722 3845 817 3895 seclusit
827 3847 884 3899 alem
895 3848 977 3897 Heius
