2670 4296
113 184 163 244 111
179 200 244 243 xxv
259 180 309 263 95]
371 185 420 243 De
438 184 604 243 contentione
620 184 745 242 Honesti
761 190 789 242 et
813 184 901 244 mdis
1098 205 1154 262 ¹²9

136 391 223 434 SM,
257 392 323 434 Cam
363 354 484 432 quidem
502 355 645 433 promissa
664 357 808 416 servanda
825 366 902 429 sunt,
918 375 994 432 quae
1009 375 1071 418 non
1085 369 1153 419 sunt

110 441 203 534 ξῇῑξξίἱ
233 444 324 533 yffi
361 447 396 508 iis
410 447 480 525 ipsis
493 447 584 520 utilia,
598 447 705 524 quibus
718 447 768 507 illa
781 448 957 525 promiseris.
989 451 1040 510 Sol
1062 451 1154 510 Phae·

109 542 321 644 woffffideg?
358 544 454 605 thonti
467 543 536 618 filio,
551 555 585 604 ut
602 545 757 604 redeamus
771 545 810 604 ad
823 546 945 619 fabulas,
961 546 1105 606 facturum
1120 565 1152 608 se

108 644 320 734 ffiflffigtpowjssd
358 662 423 703 esse
436 641 509 702 dixit
523 640 668 719 quidquid
682 652 820 719 optasset.
864 642 987 719 Optavit
1000 654 1034 704 ut
1047 643 1079 702 in
1092 663 1156 703 cur·

279 723 310 754 ”
359 761 424 801 rum
447 739 537 817 patris
564 741 729 801 tolleretur:
757 741 888 799 sublatus
916 752 978 800 est:
1006 751 1096 818 atque
1115 741 1150 815 is,
1182 763 1197 813 5

110 850 179 901 ante
199 860 289 918 quarn
309 838 448 910 constitit,
463 836 529 897 ictu·
543 836 673 896 fulminis
687 837 863 913 deflagravit
909 839 1031 913 Quanto
1045 839 1150 900 melius

110 939 203 998 fuerat
230 936 261 996 in
288 938 346 997 hoc
370 934 546 1013 promissum
567 933 656 1010 patris
676 953 738 994 non
759 953 824 995 esse
845 940 1009 996 servatum!
1051 936 1156 1012 Quid?

110 1036 193 1112 quod
213 1036 348 1095 Theseus
369 1035 463 1112 exegit
483 1033 659 1110 promissum
679 1053 698 1093 a
718 1035 885 1109 Neptuno?
925 1034 984 1096 Cui
1004 1054 1074 1094 cum
1095 1046 1153 1096 tres

111 1133 277 1210 optationes
298 1135 456 1210 Neptunus
471 1128 609 1202 dedisset,
625 1128 738 1205 optavit
756 1129 906 1190 interitum
921 1130 1079 1208 Hippolyti
1093 1131 1153 1202 filii,

110 1251 180 1291 cum
193 1231 218 1291 is
232 1231 308 1308 patri
321 1239 473 1306 suspectus
487 1238 564 1288 esset
578 1227 615 1286 de
628 1245 757 1286 noverca
765 1245 774 1300 ;
795 1245 856 1303 quo
876 1238 978 1303 optato
993 1227 1149 1305 impetrato
1168 1255 1198 1290 ιο

110 1327 246 1387 Theseus
273 1326 304 1385 in
331 1323 464 1384 maximis
490 1322 546 1383 fuit
572 1322 707 1384 luctibus.
771 1340 818 1400 95.
852 1323 957 1399 Quid?
996 1327 1154 1400 Agamem·

110 1441 172 1484 non
190 1442 260 1482 cum
278 1421 445 1482 devovisset
465 1420 580 1480 Dianae
599 1421 682 1496 quod
700 1419 731 1478 in
751 1439 804 1480 suo
819 1440 910 1498 regno
925 1421 1153 1499 pulcherrimum

111 1533 213 1582 natum
230 1532 309 1581 esset
321 1520 373 1580 illo
392 1538 479 1592 anno,
491 1517 655 1578 immolavit
670 1517 865 1595 Iphigeniam,
881 1538 941 1595 qua
955 1519 1027 1579 nihil
1041 1531 1102 1580 erat
1116 1539 1153 1580 eo

111 1616 233 1694 quidem
260 1635 339 1676 anno
366 1627 469 1675 natum
496 1613 633 1691 pulcrius.
676 1615 859 1674 Promissum
886 1615 984 1692 potius
1005 1636 1067 1676 non
1087 1617 1154 1676 saci-

111 1715 222 1775 endum
251 1733 341 1790 quam
366 1724 428 1773 tam
449 1724 576 1773 taetrum
596 1711 709 1772 facinus
729 1712 949 1773 admittendum
969 1713 1031 1775 fuit
1075 1717 1153 1792 Ergo
1168 1737 1195 1787 ¹5

215 1868 220 1879 ,
357 1823 386 1872 et
404 1811 548 1889 promissa
566 1829 627 1869 non
646 1810 782 1870 facienda
802 1830 863 1870 non
878 1830 1041 1888 numquam
1056 1831 1153 1888 neque

111 1876 185 1978 iiiingto
198 1882 320 1960 diditi
357 1924 473 1982 semper
481 1903 617 1981 deposita
630 1904 789 1964 reddenda
819 1904 850 1964 Si
858 1906 988 1981 gladium
999 1905 1064 1982 quis
1072 1909 1153 1984 apud

111 1969 254 2012 ”mm
357 2015 386 2064 te
401 2021 472 2062 sana
485 2011 585 2060 mente
599 2000 776 2077 deposuerit,
788 2012 902 2076 repetat
918 2001 1074 2075 insaniens,
1089 2006 1154 2064 red-

111 2104 182 2164 dere
195 2114 350 2180 peccatum
365 2101 410 2173 sit,
425 2096 553 2158 officium
568 2116 630 2156 non
643 2098 774 2157 reddere
805 2097 911 2173 Quid?
931 2098 957 2157 si
969 2099 1002 2171 is,
1012 2100 1063 2176 qui
1073 2101 1153 2177 apud

110 2209 140 2261 te
154 2201 310 2278 pecuniam
325 2194 502 2274 deposuerit,
517 2195 628 2254 bellum
642 2193 745 2253 inferat
758 2193 876 2273 patriae,
895 2196 1040 2256 reddasne
1061 2198 1152 2272 depo-
1165 2223 1196 2257 20

12 2279 20 2288 ³
111 2294 222 2356 situm?
263 2298 342 2368 Non,
358 2292 466 2365 credo;
486 2289 576 2348 facias
596 2287 676 2348 enim
697 2300 799 2350 contra
819 2309 882 2349 rem
902 2290 1059 2366 publicam,
1075 2310 1152 2368 quae

359 2388 449 2449 debet
470 2405 533 2446 esse
554 2384 711 2444 carissima
755 2387 801 2462 96.
828 2385 877 2446 Sic
897 2388 997 2459 multa,
1013 2407 1088 2463 quae
1101 2389 1153 2448 ho·

109 2460 321 2572 „igitisspffliffli
359 2497 442 2546 nesta
456 2495 559 2543 natura
571 2482 708 2543 videntur
722 2503 796 2556 esse,
808 2484 989 2560 temporibus
1003 2487 1076 2546 fiunt
1091 2505 1151 2546 non

110 2562 321 2662 fflssssgfflssffy‘
358 2585 491 2643 honesta
528 2583 638 2641 Facere
651 2581 803 2658 promissa,
819 2593 895 2642 stare
910 2583 1072 2659 conventis,
1088 2587 1152 2646 red,-

111 2662 321 2753 ffifflffi‘}
359 2679 428 2738 dere
462 2675 597 2754 deposita
631 2688 811 2736 commutata
838 2676 962 2737 utilitate
989 2679 1063 2738 fiunt
1091 2700 1151 2740 non
1165 2705 1195 2752 αξ

111 2761 242 2804 “⁸⁸¹“‘0‘L
359 2775 491 2834 honesta
533 2775 580 2832 Ae
598 2773 637 2832 de
650 2772 685 2832 iis
700 2774 830 2850 quidem,
846 2793 922 2850 quae
936 2774 1074 2835 videntur
1088 2797 1152 2837 esse

111 2870 251 2930 utilitates
279 2881 380 2929 contra
407 2869 547 2930 iustitiam
575 2868 759 2931 simulatione
785 2869 968 2948 prudentiae,
991 2871 1060 2931 satis
1080 2874 1153 2934 arbi·

111 2978 172 3029 tror
185 2967 306 3026 dictum.

171 3065 230 3125 Sed
258 3063 399 3141 quoniam
420 3084 437 3124 a
458 3074 596 3140 quattuor
622 3064 753 3124 fontibus
777 3063 939 3124 honestatis
960 3063 1055 3141 primo
1076 3065 1151 3128 libro

111 3161 208 3222 officia
222 3161 366 3235 duximus,
382 3163 413 3221 in
429 3162 542 3222 eisdem
562 3181 718 3234 versemur,
734 3181 802 3220 cum
822 3160 996 3222 docebimus
1016 3181 1060 3236 ea,
1076 3182 1152 3239 quae
1165 3186 1197 3233 30

111 3260 268 3320 videantur
295 3279 359 3320 esse
387 3259 469 3319 utilia
496 3279 593 3336 neque
614 3259 681 3332 sint,
703 3277 792 3334 quam
813 3258 871 3318 sint
891 3257 1004 3318 virtutis
1024 3258 1150 3320 inimica

110 3357 218 3416 Aede
237 3356 395 3432 prudentia
415 3356 545 3434 quidem,
562 3375 651 3434 quam
671 3356 733 3415 vult
753 3354 860 3415 imitari
880 3354 999 3429 malitia,
1021 3354 1152 3434 itemque

160 3556 175 3605 8
199 3555 271 3603 verba
293 3556 333 3604 cui
355 3555 490 3606 cum—fuit
510 3555 616 3605 luctibus
636 3554 723 3619 spuria
743 3570 791 3603 esse
816 3552 938 3603 intellexit
959 3553 1106 3603 Valckenaer
1121 3554 1157 3603 ad

111 3634 179 3683 Eur.
192 3635 268 3700 ffipp.
277 3652 300 3685 v.
313 3638 377 3697 8⁸75
393 3642 470 3684 totum
481 3637 558 3684 locum
569 3642 599 3683 ut
607 3635 722 3684 emblema
732 3635 827 3683 seclusit
836 3634 877 3683 Ba
912 3639 922 3692 ΙΙ
960 3649 990 3684 10
1006 3649 1056 3699 quo
1067 3641 1154 3698 optatu

110 3715 243 3780 impetrato
254 3716 285 3763 St
299 3732 312 3764 e
327 3716 431 3765 Beroac
466 3719 475 3772 ll
512 3729 543 3778 30
558 3715 709 3764 versabimur
725 3714 773 3763 Bei
786 3715 825 3763 ΑΙ
841 3715 883 3774 Or,
898 3730 1022 3765 versemur
1037 3714 1101 3764 codd.
1140 3719 1150 3772 ΙΙ

111 3812 141 3861 31
160 3797 275 3845 videntur
294 3798 331 3846 Or
365 3801 374 3854 ΙΙ
412 3812 440 3860 3²
459 3796 530 3846 aede
542 3797 729 3861 prudentia-et
741 3795 917 3860 temperantiae
928 3795 1155 3859 iitpuriaselusit

109 3877 152 3931 Ba
163 3884 260 3926 auctore
268 3878 402 3928 Facciolato

192 3973 248 4017 erc.
264 3958 298 4016 de
313 3957 370 4032 Off
1065 3973 1092 4031 s)
