2670 4296
173 234 228 275 rao
421 210 472 271 De
489 210 659 271 contentione
678 208 804 268 Honesti
818 213 847 266 ct
869 207 959 273 Utr'lr's
1012 203 1078 288 [111
1092 221 1214 284 xv117o

169 377 386 472 ffiffiffij‘}
419 376 563 454 gentium,
592 375 675 453 quod
708 386 808 435 autem
841 373 983 451 gentium,
1011 373 1092 433 idem
1125 373 1213 434 civile

169 479 383 581 gemfflfflffi
421 493 486 534 esse
513 474 611 533 debet
653 473 715 534 Sed
741 491 798 532 nos
824 471 886 532 veri
906 470 976 530 iuris
995 490 1213 548 germanaeque

169 581 224 622 faint
254 589 384 631 κυκω-
421 571 550 633 iustitiae
571 570 698 631 solidam
718 580 749 630 et
769 587 939 646 expressam
960 568 1086 645 effigiem
1099 571 1213 629 nullam

77 648 79 653 ·
170 631 215 672 tion
223 630 248 671 oi
253 631 281 671 it:
295 630 331 671 the
344 629 384 670 lat·

71 3932 117 4040 ἱ

169 689 203 722 ter
216 680 323 721 considers
336 692 385 720 men
422 681 567 739 tenemus,
595 667 702 727 umbra
729 677 759 726 et
788 665 966 742 imaginibus
992 664 1109 726 utimur.
1152 668 1213 726 Eas

168 729 384 830 ffilsslilts‘iui‘y'
421 765 502 843 ipsas
527 764 642 824 utinam
669 767 877 839 sequeremur!
911 764 1042 822 seruntur
1069 761 1148 822 euim
1176 783 1214 824 ex
1240 779 1255 832 5

168 844 319 944 ’ζώω
360 901 386 943 os
421 860 541 939 optimis
555 871 679 919 naturae
692 869 722 918 et
736 857 866 918 veritatis
880 859 1032 934 exemplis.
1063 875 1108 934 70.
1132 862 1213 919 Nam

167 953 303 1046 tffwrow
334 953 383 994 ⁰³*ss
420 953 524 1030 quanti
543 952 633 1013 verba
651 951 716 1010 illa:
734 967 786 1009 ver
806 968 850 1010 ua
863 967 1006 1009 enorum
1019 969 1060 1010 ΤΕ
1074 969 1214 1012 morsuve

194 1080 383 1171 Enmfrmfm.
421 1069 507 1111 svau
542 1067 657 1111 casrvs
693 1066 913 1109 rnavuarvsvs
939 1051 1011 1109 stul
1046 1068 1136 1125 quam
1163 1049 1213 1109 illa

168 1132 260 1222 33th
269 1131 383 1221 ζζξζῃξζζ
420 1166 525 1208 aurea:
540 1165 580 1206 vr
594 1164 692 1206 meust
706 1163 807 1211 nouos
819 1164 902 1206 sana
911 1164 1009 1207 romu
1019 1163 1163 1206 orou‘rc‘r
1173 1165 1212 1206 Ετ

169 1195 277 1274 “lmus
420 1261 493 1304 sina
521 1249 761 1307 skavunulorsu!
802 1245 862 1304 Sed
889 1243 942 1321 qui
969 1243 1028 1304 sint
1052 1244 1158 1305 ‘boni'
1183 1255 1256 1314 et10

169 1344 242 1421 quid
257 1343 294 1403 sit
309 1343 400 1403 ‘bene
414 1340 473 1419 agi’
493 1361 602 1419 magna
614 1341 748 1419 quaestio
763 1353 815 1402 est.
859 1343 896 1418 Q.
919 1341 1041 1418 quidem
1060 1343 1211 1417 Scaevola,

168 1440 303 1519 pontifex
320 1440 476 1512 maximus,
492 1458 639 1499 summam
657 1438 718 1499 vim
737 1458 802 1499 esse
825 1438 945 1499 dicebat
965 1438 996 1498 in
1017 1438 1156 1500 omnibus
1176 1439 1212 1501 iis

169 1529 304 1610 arbitriis,
325 1536 357 1597 in
378 1535 487 1613 quibus
507 1537 666 1596 adderetur
687 1553 729 1594 ax
754 1552 827 1595 sinc
848 1553 941 1610 eous,
963 1537 1093 1614 fideique
1114 1539 1213 1600 bonae

168 1654 280 1694 nomen
301 1633 489 1696 existimabat
510 1653 630 1695 manare
650 1633 803 1707 latissime,
820 1634 912 1710 idque
932 1635 1040 1694 versari
1061 1635 1092 1694 in
1112 1637 1212 1698 tutelis

169 1730 368 1804 societatibus,
389 1731 505 1792 fiduciis
533 1731 689 1805 mandatis,
720 1733 808 1792 rebus
839 1732 945 1809 emptis
973 1732 1110 1808 venditis,
1141 1754 1256 1808 con-15

169 1827 266 1889 ductis
281 1829 395 1902 locatis,
411 1829 520 1905 quibus
533 1829 611 1889 vitae
625 1828 752 1890 societas
770 1827 984 1889 contineretur:
1005 1829 1036 1889 iu
1056 1829 1092 1891 iis
1112 1832 1212 1908 magni
1303 1887 1305 1890 a

169 1946 236 1987 esse
269 1925 375 1986 iudicis
410 1938 548 2002 statuere,
575 1927 748 2004 praesertim
782 1947 850 1986 cum
878 1926 910 1986 in
936 1927 1085 2005 plerisque
1112 1941 1211 1991 esseut

170 2022 279 2083 iudicia
300 2024 453 2098 contraria,
475 2025 547 2101 quid
568 2044 717 2102 quemque
744 2024 851 2101 cuique
878 2037 1026 2102 praestare
1053 2037 1209 2104 oporteret.

173 2135 219 2194 71.
263 2119 411 2195 Quocirca
424 2119 551 2181 astutiae
565 2122 715 2182 tollendae
729 2131 798 2180 sunt
812 2140 908 2197 eaque
922 2121 1041 2196 malitia,
1058 2143 1134 2200 quae
1148 2126 1212 2185 volt

170 2213 221 2275 illa
241 2215 364 2292 quidem
384 2216 477 2277 videri
498 2237 530 2278 se
552 2237 616 2279 esse
639 2218 836 2294 prudentiam,
862 2218 915 2277 sed
935 2219 1020 2279 abest
1040 2219 1079 2279 ab
1100 2239 1135 2279 ea
1155 2220 1211 2280 dis·
1225 2241 1258 2279 20

170 2322 272 2387 tatque
286 2313 452 2387 plurimum
488 2312 650 2374 Prudentia
670 2324 716 2374 est
737 2314 817 2374 enim
837 2316 934 2374 locata
947 2313 978 2373 in
993 2315 1104 2376 dilectu
1118 2316 1211 2376 bono-

169 2425 235 2466 rum
264 2417 295 2466 et
324 2408 477 2482 malorum,
499 2409 619 2482 malitia,
641 2408 665 2468 si
688 2409 798 2484 omnia,
821 2430 897 2486 quae
918 2411 1014 2487 turpia
1034 2422 1110 2484 sunt,
1132 2415 1211 2473 mala

170 2516 247 2579 sunt,
269 2507 348 2565 mala
367 2504 454 2566 bonis
474 2506 560 2582 pouit
584 2517 660 2566 ante.
704 2509 771 2566 Nec
799 2527 870 2567 vero
898 2507 931 2566 in
959 2508 1086 2583 praediis
1114 2511 1212 2570 solum

169 2602 214 2663 ius
242 2603 328 2664 civile
356 2604 479 2663 ductum
505 2623 524 2663 a
551 2615 655 2664 natura
682 2605 825 2664 malitiam
852 2605 1045 2682 fraudemque
1071 2605 1211 2681 vindicat,

169 2700 223 2760 sed
244 2699 334 2760 etiam
354 2699 385 2760 in
406 2700 620 2777 mancipiorum
642 2702 814 2763 venditione
833 2702 995 2762 venditoris
1016 2704 1094 2763 fraus
1115 2703 1212 2764 omnis
1224 2739 1255 2789 ²5

199 2861 333 2892 orsoenos
418 2798 591 2859 excluditur.
643 2798 703 2873 Qui
730 2800 810 2860 enim
840 2800 913 2860 scire
941 2800 1045 2861 debuit
1071 2802 1110 2861 de
1137 2801 1212 2861 sani-

194 2900 215 2943 1t
232 2903 250 2941 n
264 2915 278 2942 a
292 2902 343 2942 Lau
360 2901 399 2949 os.
420 2905 488 2967 tate,
505 2895 634 2973 defuga,
650 2897 689 2956 de
703 2896 795 2969 furtis,
811 2907 941 2972 praestat
952 2896 1050 2957 edicto
1060 2897 1209 2960 aedilium

170 2950 259 3001 Nature,
283 2951 329 2991 that
349 2965 381 2992 we

168 3001 382 3042 arenottotakead·
422 2993 578 3052 Heredum
599 2993 656 3052 alia
676 3012 768 3052 causa
795 3005 850 3052 est.
891 3009 937 3068 72.
968 2989 1015 3053 Ex
1042 3013 1102 3070 quo
1129 2993 1213 3054 intel·

168 3051 383 3101 vantageofanother

169 3102 237 3141 mass
249 3101 380 3160 ,ignorasse
420 3084 534 3161 legitur,
557 3085 699 3161 quoniam
719 3085 789 3145 iuris
810 3095 914 3144 natura
935 3087 1002 3145 fons
1023 3085 1068 3158 sit,
1091 3088 1149 3147 hoc
1169 3106 1213 3149 se·

168 3150 307 3242 {kainiani
333 3161 381 3241 illl:
420 3181 553 3239 cundum
574 3190 709 3238 naturam
731 3199 805 3253 esse,
821 3180 972 3240 neminem
984 3180 1015 3241 id
1029 3199 1116 3258 agere
1128 3191 1161 3242 ut
1176 3201 1213 3242 ex
1226 3211 1259 3261 30

169 3250 382 3360 fil'iicfh‘ivffaaclisss
420 3275 540 3335 alterius
560 3277 718 3351 praedetur
738 3276 862 3336 inscitia
907 3279 973 3337 Nec
993 3279 1054 3336 ulla
1066 3276 1213 3354 pernicies

169 3351 366 3392 ¹³²⁵k⁰sw¹⁵d⁰¹¹l
418 3371 496 3432 vitae
523 3371 618 3433 maior
644 3372 768 3433 inveniri
796 3384 895 3451 potest
927 3394 1017 3451 quam
1043 3376 1075 3436 in
1102 3377 1213 3438 malitia

170 3464 319 3526 simulatio
340 3465 566 3544 intellegentiae,
587 3489 624 3529 ex
641 3489 703 3546 quo
723 3469 780 3529 ista
799 3469 1026 3542 innumerabilia
1043 3486 1213 3543 nascuntur,

169 3573 201 3625 ut
235 3561 319 3622 utilia
346 3581 414 3622 cum
445 3563 578 3625 honestis
605 3583 736 3643 pugnare
766 3565 929 3627 videantur.
982 3569 1102 3643 Quotus
1129 3569 1209 3629 enim

217 3746 234 3797 9
255 3738 281 3781 et
301 3733 416 3781 meno
440 3732 529 3782 orello
548 3717 620 3783 exoa
632 3735 774 3799 somnam
791 3736 920 3800 posuisse
953 3740 962 3793 l
999 3751 1028 3785 a!
1049 3738 1210 3800 tenemur,

169 3809 261 3860 dilectu
271 3812 312 3860 Ba
318 3828 331 3872 ,·
350 3815 410 3861 ‘ont
425 3812 451 3862 in
467 3813 565 3864 delectu
575 3815 697 3866 bonorum
713 3824 758 3867 ont
773 3817 800 3867 in
814 3817 906 3867 dilectu
916 3817 1039 3867 bonorum
1055 3819 1213 3871 etmalorum

169 3888 297 3940 dicendum
307 3907 354 3941 esse
363 3889 481 3957 apparet?
497 3893 529 3941 St
