2670 4296
200 188 239 259 48
457 188 506 246 Dc
523 188 613 245 altera
627 193 714 261 parte
731 188 837 246 Decori
853 206 926 264 quac
943 189 987 248 ad
1023 185 1240 270 [Ixxxv1132

198 356 410 417 elaborandum
430 365 482 425 est,
495 374 533 415 ne
554 353 644 414 animi
670 366 769 414 motus
795 375 815 414 a
841 366 943 415 natura
969 358 1127 416 recedant:
1161 359 1243 434 quod

198 471 395 529 assequemur,
423 452 448 511 si
474 452 642 513 cavebimus
669 473 707 513 ne
734 453 765 512 in
785 453 1017 530 perturbationes
1038 448 1127 531 atque
1147 455 1245 516 exani-

199 549 343 610 mationes
356 549 528 621 incidamus,
534 561 564 610 et
582 550 607 609 si
624 561 752 610 attentos
771 549 886 610 animos
904 551 944 610 ad
960 551 1074 611 decoris
1092 571 1244 612 conserva·

199 645 310 706 tionem
330 646 503 706 tenebimus.
559 666 624 722 132.
669 650 770 706 Motus
791 658 890 706 autem
911 646 1076 707 animorum
1110 647 1242 725 duplices

198 755 276 814 sunt,
314 743 396 804 alteri
416 743 610 821 cogitationis,
632 744 715 805 alteri
742 745 896 822 appetitus.
940 745 1088 823 Cogitatio
1115 745 1146 805 in
1172 766 1242 808 vero
1272 766 1286 815 5

198 839 379 917 exquirendo
400 840 527 901 maxime
547 852 685 915 versatur,
713 841 861 919 appetitus
888 842 1001 919 inpellit
1021 843 1240 920 adagendum

198 938 371 999 Curandum
391 948 436 997 est
455 937 542 1015 igitur
561 949 594 998 ut
614 937 791 1015 cogitatione
811 940 851 999 ad
868 958 914 999 res
933 958 1023 1015 qnam
1039 938 1164 1014 optimas
1180 949 1242 998 uta-

197 1053 270 1107 mur,
285 1033 446 1111 appetitum
460 1033 566 1094 rationi
579 1035 788 1094 oboedientem
801 1035 999 1112 praebeamus.

52 1133 184 1185 XXXVII
223 1129 269 1180 (Bel
304 1131 411 1170 ”mm
509 1134 548 1191 Et
562 1132 704 1208 quoniam
725 1151 833 1209 magna
845 1131 889 1192 vis
903 1130 1075 1192 orationis
1089 1143 1133 1192 est
1146 1151 1241 1208 eaque

197 1180 409 1290 gqussecqnffi
448 1227 564 1302 duplex,
579 1229 669 1287 altera
683 1227 889 1300 contentionis,
904 1229 994 1308 altera
1007 1227 1156 1301 sermonis,
1172 1246 1242 1286 con·
1256 1249 1286 1284 10

197 1281 338 1373 1111211151
339 1280 398 1321 deon
447 1324 539 1384 tentio
554 1324 814 1400 disceptationibus
828 1323 970 1384 tribuatur
979 1324 1161 1398 iudiciomm,
1173 1345 1243 1384 con·

198 1424 320 1498 tionum,
331 1434 465 1497 senatus3
483 1440 578 1481 sermo
589 1421 620 1479 in
630 1421 754 1494 circulis,
767 1420 1021 1498 disputationibuS‚
1033 1421 1243 1499 congressioni-

197 1523 251 1581 bus
265 1520 449 1581 familiarium
458 1529 595 1590 versetut,
607 1529 745 1594 sequatur
758 1517 847 1577 etiam
857 1517 1009 1578 convivia:
1046 1517 1242 1581 contentionis

195 1628 351 1695 praecepta
364 1617 513 1675 rhetorum
527 1625 603 1686 sunt,
619 1616 699 1673 nulla
712 1609 872 1674 sermonis:
892 1633 1072 1690 quamquam
1085 1614 1166 1673 haud
1179 1613 1241 1672 scio

197 1732 235 1772 an
255 1712 368 1789 possint
388 1713 462 1771 haec
482 1729 601 1787 quoque
622 1730 692 1771 esse.
736 1711 796 1770 Sed
817 1709 993 1769 discentium
1011 1709 1114 1769 studiis
1132 1709 1283 1784 inveni-15

196 1822 284 1870 untur
304 1808 440 1887 magistri,
462 1807 532 1867 huic
552 1819 650 1868 autem
671 1806 723 1884 qui
743 1808 880 1867 studeant
901 1817 969 1866 sunt
989 1807 1076 1868 nulli:
1091 1807 1239 1866 rhetorum

221 1930 287 1971 Rure,
293 1930 407 1980 010me
443 1904 529 1963 turba
542 1906 646 1963 referta
665 1902 773 1963 omnia.
794 1903 982 1979 Quamquam
996 1921 1071 1978 quae
1085 1904 1239 1962 verborum

195 1981 406 2082 iffiffffiffassssoffi
444 1999 710 2074 sententiarumque
731 1996 887 2075 praecepta
906 2007 983 2070 sunt,
998 1997 1103 2056 eadem
1123 1996 1163 2055 ad
1182 2016 1240 2057 ser·

195 2082 304 2123 versauon.
443 2117 563 2158 monem
577 2097 772 2174 pertinebunt.
831 2115 894 2172 133.
938 2097 998 2156 Sed
1016 2114 1086 2155 curn
1100 2094 1238 2156 orationis

193 2193 322 2254 indicem
342 2214 447 2259 vocem
474 2197 644 2269 habeamus,
666 2196 697 2255 in
717 2215 792 2255 voce
819 2208 916 2255 autem
939 2197 999 2255 duo
1020 2214 1184 2271 sequamur,
1206 2207 1238 2254 ut
1252 2220 1284 2254 20

193 2293 270 2350 clara
284 2290 328 2364 sit,
345 2303 377 2350 ut
397 2293 501 2367 suavis,
516 2305 672 2370 utmmque
693 2292 815 2354 omnino
836 2314 854 2353 a
874 2304 976 2353 natura
995 2294 1155 2370 petendum
1177 2305 1220 2354 est
1230 2313 1239 2367 ;

192 2406 293 2447 verum
320 2389 442 2453 alterum
470 2391 638 2450 exercitatio
672 2390 798 2468 augebit,
827 2392 949 2450 altemm
983 2388 1107 2448 imitatio
1140 2408 1238 2466 presse

193 2484 377 2560 loquentium
398 2496 428 2545 et
448 2487 559 2549 leniter.
605 2487 688 2546 Nihil
708 2486 762 2547 fuit
782 2487 813 2546 in
835 2486 955 2562 Catulis,
967 2497 1000 2544 ut
1020 2505 1071 2546 eos
1092 2485 1238 2562 exquisito

443 2582 553 2643 iudicio
566 2594 683 2659 putares
703 2581 747 2641 uti
765 2581 929 2650 litterarum⁴
934 2603 943 2656 3
963 2600 1143 2657 quamquam
1156 2591 1238 2640 erant

194 2664 406 2766 αῆξζῗξζξῇᾞ
444 2677 569 2751 litterati,
585 2679 639 2738 sed
652 2688 683 2737 et
696 2676 753 2753 alii,
772 2678 804 2737 hi
826 2687 925 2736 autem
945 2676 1056 2753 optime
1077 2676 1120 2735 uti
1140 2663 1279 2754 lingua'25

444 2774 549 2843 Latina
568 2775 752 2851 putabantur.
805 2775 901 2834 Sonus
921 2785 982 2832 erat
1002 2772 1104 2846 dulcis,
1125 2773 1237 2834 litterae

194 2893 291 2950 neque
309 2893 461 2950 expressae
482 2890 579 2947 neque
600 2888 764 2947 oppressae,
787 2888 825 2929 ne
845 2880 895 2928 aut
916 2870 1071 2929 obscurum
1092 2882 1168 2930 esset
1188 2880 1238 2930 aut

194 2970 340 3048 putidum3
354 2970 416 3030 sine
430 2966 620 3028 contentione
634 2985 691 3025 vox
714 2985 771 3024 nec
784 2967 926 3043 languens
940 2984 996 3025 nec
1010 2985 1124 3026 canora.
1158 2968 1239 3028 Ube-

193 3065 253 3126 rior
272 3065 364 3126 oratio
379 3067 411 3124 L.
429 3062 526 3125 Crassi
547 3082 603 3121 nec
623 3061 721 3120 minus
741 3064 844 3134 faceta,
867 3062 920 3120 sed
940 3061 1016 3120 bene
1037 3060 1185 3138 loquendi
1199 3063 1238 3122 de

195 3161 306 3223 Catulis
327 3158 428 3236 opinio
445 3179 506 3220 non
525 3157 627 3217 minor.
671 3159 737 3218 Sale
750 3175 819 3216 vero
838 3168 868 3216 et
882 3156 993 3217 facetiis
1008 3158 1124 3230 Caesar,
1141 3157 1237 3219 Catuli
1250 3185 1281 3233 30

193 3257 281 3334 patris
302 3258 396 3328 frater,
410 3254 480 3314 vicit
499 3273 610 3326 omnes,
624 3264 658 3313 ut
678 3252 708 3311 in
729 3254 780 3313 illo
799 3252 865 3329 ipso
879 3253 986 3313 forensi
999 3272 1104 3329 genere
1118 3253 1238 3314 dicendi

194 3352 398 3413 contentiones
412 3350 536 3417 aliorum
550 3368 684 3409 sermone
697 3347 833 3408 vinceret
878 3351 915 3407 In
930 3348 1066 3409 omnibus
1086 3349 1172 3426 igitur
1191 3349 1237 3410 his

194 3452 404 3511 elaborandum
438 3460 491 3522 est,
526 3448 551 3508 si
584 3448 615 3507 in
649 3447 730 3508 omni
760 3467 791 3508 re
818 3446 890 3524 quid
918 3449 1022 3507 deceat
1049 3447 1235 3524 exquirimus.

446 3567 510 3635 134Γ
566 3546 609 3607 Sit
627 3565 711 3623 ¹ergo
741 3545 792 3605 hic
817 3565 923 3619 sermo,
951 3546 982 3605 in
1010 3565 1069 3623 quo
1097 3544 1237 3606 Socratici

195 3635 407 3736 Coffissffigffgsslssm
444 3644 570 3705 maxime
597 3637 752 3717 excellunt,
780 3643 854 3703 lenis
881 3643 1061 3720 minimeque
1094 3645 1235 3722 pertinax,
1250 3665 1279 3715 35

443 3742 512 3807 insit
532 3741 563 3800 in
584 3725 731 3818 eo'lepos.
775 3743 841 3800 Nec
860 3760 937 3811 vero,
950 3754 1099 3818 tamquam
1121 3742 1151 3801 in
1171 3763 1236 3820 pos-

195 3841 355 3903 sessionem
375 3859 458 3915 suam
478 3839 596 3915 venerit,
609 3841 746 3907 excludat
774 3839 855 3913 alios,
884 3841 937 3900 sed
964 3861 1032 3899 cum
1059 3841 1178 3917 reliquis
1204 3842 1236 3900 in
