2670 4296
351 223 501 282 NOTES
538 223 627 280 Boon
642 223 692 280 Ili
714 184 776 280 cru
796 222 955 297 5517-19
1117 218 1173 298 3'27

185 395 244 430 aum
259 385 386 431 utilitatis
400 382 587 442 repugnantia]
611 384 656 430 ie.
677 397 733 429 cum
752 383 858 430 utc'lr'tatc
874 397 936 444 quae
955 388 1077 445 repugnat
1092 383 1175 431 tenes·

137 446 191 502 tati,
210 446 284 495 ‘with
300 447 451 509 expediency
469 447 540 494 when
557 447 576 495 it
593 446 614 494 is
630 455 768 509 repugnant
785 454 811 495 to
827 444 964 496 rectitude.’
998 447 1047 511 Cp.
1065 457 1075 495 1
1094 449 1108 507 5
1129 461 1173 496 saa

136 511 245 559 incuntis
255 513 341 559 aetatis
350 511 449 559 inscitia
459 511 627 559 constituenda
637 516 678 559 est.

184 593 204 639 l.
215 596 239 639 4.
272 590 454 650 communiter]
470 591 514 639 ie.
528 587 612 639 docti
622 590 804 654 indoctique.

138 679 142 688 “
184 675 203 721 1.
216 676 240 721 a.
273 676 353 721 bonos
364 685 392 720 ee
402 675 473 720 viros
483 673 575 720 hatest
585 672 688 732 volunt]
700 670 775 734 1565
787 688 811 722 n

184 756 204 801 1.
223 757 246 801 t.
279 756 309 800 in
327 757 446 802 nomm
461 756 672 810 intellegentiam
688 753 769 813 oens]
795 753 826 802 ‘is
843 769 875 802 on
892 768 907 802 a
922 751 986 802 level
1005 750 1084 814 with,’
1105 753 1173 804 ‘falls

136 816 224 865 within
245 832 290 866 our
311 815 533 880 comprehension,'
555 818 598 865 i.e.
621 817 732 866 whereoi
750 833 788 865 we
807 833 848 867 ere
870 818 980 882 capable,
997 818 1129 882 according
1148 829 1174 868 to

136 881 180 930 the
198 881 266 930 Stoic
282 882 369 945 theory
380 882 433 931 that
448 881 526 929 virtue
540 881 561 930 is
577 881 689 931 wisdom.
709 881 773 946 'Cp
788 884 801 942 5
817 898 846 946 14
862 882 879 934 l.
896 899 932 941 11,
945 883 976 931 de
992 892 1043 932 nat.
1054 884 1080 933 d.
1096 886 1131 945 15
1144 899 1172 932 ar

137 947 204 1010 quod
212 961 243 994 ne
252 946 281 994 in
291 946 456 1009 cogitationem
467 946 562 1009 quidem
573 947 639 994 cadi
642 953 661 994 t.

185 1029 202 1074 i
216 1031 239 1074 8.
272 1026 357 1086 nobie]
369 1026 401 1090 by
411 1041 440 1075 us
452 1026 567 1090 ordinary
578 1041 643 1076 men.

184 1103 264 1170 iilud]
274 1121 307 1155 sc.
319 1106 438 1154 tuendum
449 1106 686 1170 conservandumque
694 1112 740 1156 cst.

187 1195 349 1251 quod-vere
359 1191 559 1252 coenonema]
571 1193 720 1254 κατόρθωμα.

185 1275 205 1321 1.
217 1278 239 1322 a.
271 1272 361 1333 aliter]
377 1273 425 1336 i.q.
437 1272 558 1337 alioqui,
575 1271 734 1332 ‘otherwise'
746 1274 779 1332 15
793 1287 845 1341 139,
860 1274 977 1337 1154al.
991 1290 1029 1324 er.

141 1382 143 1387 =
186 1353 282 1413 teneri]
303 1352 351 1402 ‘be
361 1351 529 1409 maintained,'
541 1352 732 1415 progressionem
749 1360 828 1401 tencre
843 1354 905 1403 aiter
921 1355 962 1403 the
977 1353 1121 1418 analogyos
1134 1355 1176 1405 the

139 1419 299 1481 expressions,
323 1434 431 1476 cursum,
456 1418 510 1477 iter,
528 1418 621 1480 fugam
639 1424 743 1465 tenere.
787 1418 843 1467 The
865 1420 980 1482 meaning
1001 1420 1029 1468 oi
1042 1422 1176 1482 progressio
1206 1445 1209 1450 ·

140 1483 270 1542 (προκοπή)
289 1481 377 1531 Cicero
392 1481 503 1545 explains
518 1482 598 1529 Acad.
615 1492 652 1540 15
668 1482 735 1544 quod
743 1481 884 1530 inchoatum
897 1491 930 1532 est
946 1500 1022 1547 neque
1037 1484 1173 1532 absolutum

134 1546 300 1610 progressio
314 1547 432 1610 quaedam
449 1547 484 1594 ad
495 1546 611 1594 virtutem
627 1546 771 1608 appellatur,
786 1562 825 1609 cp.
841 1548 920 1596 above
934 1549 948 1606 5
967 1564 996 1610 ¹4
1009 1548 1026 1596 l.
1044 1550 1067 1605 8,
1084 1548 1116 1597 de
1133 1548 1175 1596 fin.
1189 1541 1194 1555 ¹

140 1622 174 1659 111
190 1612 246 1673 548
261 1611 309 1673 qui
317 1611 459 1674 processit
471 1610 629 1673 aliquantum
643 1611 680 1658 ad
692 1611 793 1660 uirtute}
808 1611 927 1671 habitum,
947 1613 1024 1662 ib.1v
1040 1615 1053 1673 5
1068 1611 1100 1674 64
1110 1620 1176 1677 pre·

139 1675 234 1724 cedere
248 1683 270 1723 et
276 1674 419 1738 progredi
429 1675 457 1723 in
468 1675 570 1724 uirtute.

187 1773 262 1836 με,
273 1774 292 1819 1.
304 1775 342 1820 it.
375 1770 532 1830 metuntur]
548 1772 611 1829 512.

188 1850 230 1912 ea]
252 1867 285 1902 sc.
299 1852 467 1900 emolumenta.

187 1934 258 1981 lli.
294 1929 507 1991 praeponderari]
534 1932 592 1990 511
610 1931 655 1980 am
669 1931 772 1981 minimi
781 1932 897 1981 momenti
907 1932 990 1981 instar
998 1931 1134 1993 habeant,5
1146 1927 1177 1994 3'5

139 1997 250 2046 honestas
259 1996 440 2059 orcccipondere
446 1996 558 2058 gravior.
625 2046 630 2056 ‚

187 2082 206 2126 1.
236 2082 272 2126 Π.
305 2079 354 2125 hoc
378 2081 466 2143 ipsunt
491 2081 603 2126 sondrae
630 2077 801 2138 eet.]=nihil
826 2078 908 2126 aliud
934 2078 1066 2126 voluisse
1090 2093 1176 2140 quam

140 2143 218 2219 quod
241 2141 331 2190 verba
353 2149 466 2200 sonant,
488 2142 650 2254 (ileusingler)
676 2144 773 2190 ‘meant
792 2144 888 2206 exactly
904 2142 970 2191 what
991 2141 1023 2191 he
1045 2141 1117 2203 said,'
1133 2143 1178 2191 ie.

140 2209 179 2256 his
189 2207 270 2256 words
281 2222 322 2255 are
333 2213 359 2254 to
370 2207 402 2254 be
412 2205 487 2254 taken
499 2222 524 2254 rn
536 2207 599 2255 thess
620 2207 690 2255 iterat
701 2222 778 2255 sense.

188 2292 205 2337 i.
231 2292 269 2335 18.
302 2298 355 2334 non
376 2288 530 2334 modo-aed
547 2285 639 2345 etiam]
660 2293 720 2334 nota
737 2286 880 2334 descensum
902 2285 1023 2335 amatori
1045 2286 1078 2334 ad
1098 2285 1179 2336 minus

141 2367 186 2416 per
201 2367 251 2400 non
268 2350 409 2399 moda-sed
416 2350 499 2405 ctiam,
512 2351 558 2398 hoc
570 2366 641 2399 sensu
654 2351 848 2413 ‘Turpissimum
859 2359 895 2399 est
907 2351 976 2410 adeo,
991 2351 1050 2399 haec
1061 2351 1180 2398 duntaxat

141 2418 209 2465 inter
223 2432 247 2463 se
261 2429 401 2478 comparare
414 2421 437 2462 et
452 2415 480 2462 in
495 2415 535 2462 tris
550 2415 694 2462 addubitare
698 2429 709 2472 ;
731 2415 822 2462 nedum
839 2415 923 2479 pluris
933 2422 1025 2478 putare
1039 2415 1106 2478 quad
1121 2417 1181 2464 utile

141 2481 256 2529 videatur
265 2494 340 2543 quarn
352 2479 417 2541 quod
424 2479 558 2528 haeresium.
588 2480 659 2528 Haec
670 2494 702 2527 ne
713 2480 848 2543 comparari
859 2480 959 2544 quidem
968 2480 1004 2529 sas
1015 2479 1069 2529 est.’
1097 2490 1180 2528 aman

189 2565 207 2610 L
221 2565 260 2610 la.
294 2559 605 2619 anathematismorum
620 2557 676 2608 rel.
692 2557 731 2608 26.

188 2642 207 2689 L
232 2644 269 2688 21.
305 2636 473 2700 addubitare]
496 2639 542 2702 i.q.
564 2637 607 2687 od
624 2637 840 2688 dubitationem
861 2641 999 2700 accedere,
1028 2640 1070 2689 ‘to
1090 2640 1180 2692 incline

142 2713 169 2754 to
182 2702 276 2760 doubt,’
297 2718 325 2751 so
345 2715 355 2751 1
372 2704 385 2761 5
402 2705 441 2765 83,
460 2702 513 2752 Liv.
534 2714 593 2765 114,
612 2716 624 2765 7
640 2703 669 2751 de
681 2703 764 2766 legates
769 2705 906 2768 paululum
918 2705 1126 2755 addubitatum
1137 2713 1177 2764 est,

141 2782 194 2818 vm
209 2783 245 2828 io,
261 2767 623 2831 epaulispcraddubitaait.

189 2853 208 2898 i.
220 2854 257 2898 tt.
291 2852 369 2907 quale
378 2848 424 2908 eit]
435 2848 588 2912 subjunctive
599 2848 628 2898 οἱ
635 2849 735 2913 oblique
745 2849 859 2915 question
869 2849 932 2899 alter
940 2850 1064 2911 dubitatio,
1078 2851 1182 2915 Madvig

142 2916 186 2966 Gr.
199 2917 213 2975 5
225 2930 238 2977 3
241 2913 279 2977 56,
294 2929 333 2977 cp.
346 2911 463 2972 115861.
476 2929 489 2963 a
493 2929 506 2976 5
517 2914 686 2974 obseruatione,
701 2930 763 2979 quae
773 2930 812 2964 res
817 2915 927 2978 prodesse
935 2916 1035 2965 soleant.

189 3000 208 3045 i.
221 3001 257 3045 24.
294 2998 326 3043 de
343 3004 395 3052 que
411 2993 600 3055 minaretur]
611 2994 752 3058 dependent
763 2995 812 3044 and
823 2994 973 3045 assimilated
983 2993 1149 3058 subjunctive.

190 3094 204 3153 5
222 3096 268 3152 ιο,
280 3094 299 3140 1.
318 3096 355 3140 ta
390 3089 519 3152 tempore]
537 3090 587 3154 ‘by
597 3089 729 3154 particular
746 3088 949 3147 circumstances‚’
967 3105 978 3138 1
996 3090 1009 3148 5
1026 3105 1054 3152 31
1072 3090 1091 3139 l.
1108 3105 1181 3153 31cu

142 3160 185 3219 (sc.
204 3157 374 3222 fundamenta
396 3155 515 3216 iustitiae)
538 3170 592 3202 acen
613 3162 736 3218 tempore
756 3162 946 3204 commutantur.
983 3155 1038 3205 The
1058 3155 1139 3219 plural
1161 3157 1182 3205 is

142 3237 210 3272 more
227 3235 342 3271 common
358 3221 384 3268 in
407 3220 455 3269 this
477 3235 554 3268 sense.
589 3219 624 3269 So
642 3231 652 3267 1
672 3221 685 3279 5
709 3234 736 3280 31
760 3221 803 3268 scd
821 3220 937 3268 incudum
956 3226 1023 3283 saepe
1043 3222 1178 3283 tempora,

141 3290 155 3346 5
167 3299 199 3354 59
209 3301 259 3335 reon
270 3285 343 3333 isdem
355 3284 559 3334 necessitudinum
566 3283 667 3347 gradus
671 3285 717 3347 qui
725 3290 892 3348 temporum.
928 3283 1004 3333 Cases
1015 3284 1044 3332 of
1051 3284 1101 3333 this
1110 3284 1181 3341 kind,

141 3351 223 3400 where
238 3350 426 3399 circumstances
441 3364 482 3398 are
499 3357 525 3398 to
541 3349 573 3398 be
590 3348 665 3397 taken
675 3349 728 3397 into
739 3356 851 3409 account,
865 3364 929 3399 were
939 3348 993 3398 said
1003 3348 1036 3413 by
1047 3348 1090 3398 the
1102 3349 1182 3400 Stoics

141 3424 168 3466 to
179 3416 279 3478 huppen
290 3412 338 3462 rai
352 3414 490 3471 οἰκονομίαν.

189 3498 208 3544 1.
231 3498 269 3542 tt.
302 3497 418 3552 ponatur
434 3495 536 3550 mquid
555 3496 625 3551 quod
646 3495 739 3551 pateat
759 3492 851 3553 huus]
868 3492 921 3542 ''let
941 3509 957 3541 a
978 3492 1111 3557 particulas
1127 3509 1182 3544 case

142 3561 175 3609 be
190 3558 321 3623 supposed,
340 3558 422 3605 which
438 3558 528 3606 admits
544 3557 573 3606 os
588 3573 604 3606 a
620 3558 696 3606 wider
712 3555 880 3621 application,'
897 3557 941 3607 i.e.
960 3573 1018 3621 may
1033 3558 1065 3607 be
1082 3559 1182 3624 applied

142 3633 169 3675 to
186 3623 257 3673 other
273 3621 366 3671 similar
383 3637 457 3671 cases.
495 3622 542 3672 See
558 3633 567 3670 1
582 3622 643 3682 554,
658 3637 698 3677 ao,
711 3621 741 3670 26
752 3622 818 3685 quod
825 3623 890 3669 enirn
901 3629 936 3670 cst
946 3623 1015 3686 apud
1022 3623 1183 3679 Ennium,-

143 3690 172 3739 id
185 3688 283 3736 latius
294 3692 382 3750 patet,
395 3685 475 3734 which
489 3685 511 3734 is
522 3686 653 3748 explained
667 3697 678 3734 1
692 3688 706 3745 5
722 3699 750 3747 51
763 3687 828 3750 quod
835 3687 866 3734 ab
876 3686 1081 3750 Enniapositum
1091 3687 1119 3736 in
1129 3702 1183 3736 una

144 3770 171 3803 rc
181 3751 316 3815 transferri
325 3751 352 3798 in
359 3751 498 3813 permultas
503 3757 588 3813 potest.

189 3837 266 3882 itt.
299 3833 324 3879 ai
339 3834 386 3889 qui
401 3834 545 3889 tyrannum
560 3833 656 3879 adddit
671 3830 733 3891 oet]
767 3831 888 3896 Loquitur
903 3833 1007 3896 scriptor
1021 3832 1054 3882 de
1071 3834 1183 3886 Caesaris

142 3898 226 3959 caede,
240 3895 286 3946 etsi
305 3910 362 3947 eum
379 3910 429 3946 uon
445 3896 569 3957 nominat,
582 3904 610 3954 ut
626 3906 649 3948 11
668 3896 682 3956 5
704 3909 743 3960 η.
774 3896 825 3952 Hic
847 3897 914 3948 enim
931 3897 1108 3949 coniuratum's
1125 3914 1182 3950 auc·
