2670 4296
136 194 188 254 llI
203 209 307 252 xxxru
326 189 393 273 121]
435 194 482 254 Be
500 193 668 252 contentione
685 193 808 252 Honesti
825 197 852 250 et
878 191 965 251 wia
1119 207 1175 268 139

136 375 170 425 ut
196 365 350 443 acceperis
401 367 591 444 Quamquam
618 365 650 426 hi
676 364 730 426 tibi
756 376 814 426 tres
841 364 907 425 libri
940 364 1017 425 inter
1043 363 1177 441 Cratippi

136 461 364 522 commentarios
397 472 549 540 tamquam
582 461 714 539 hospites
741 450 826 523 erunt
852 460 1028 538 recipiendi:
1061 460 1116 521 sed
1139 472 1180 533 ut,-

136 558 162 620 si
188 558 251 636 ipse
277 559 422 619 venissem
449 561 591 632 Athenas,
616 560 699 636 quod
726 558 848 638 quidem
870 568 947 619 esset
973 557 1094 629 sactum,
1123 555 1179 616 nisi

138 673 187 714 me
214 674 231 714 e
258 653 358 715 medio
385 675 471 714 cursu
497 657 576 714 clara
602 674 676 715 voce
702 653 796 731 patria
822 662 997 727 revocasset,
1019 653 1180 729 aliquando

139 768 187 809 me
221 768 341 825 quoque
368 750 492 821 audires,
521 750 573 822 sic,
602 749 744 826 quoniam
778 749 823 809 his
858 748 1056 809 voluminibus
1084 751 1124 808 ad
1151 759 1181 809 te
1210 767 1224 819 s
1256 761 1261 771 “

100 882 104 886 Α
138 847 270 923 prosecta
288 867 346 906 vox
366 858 410 907 est
431 866 507 920 mea,
529 847 638 907 tribues
665 845 701 906 iis
724 845 864 922 temporis
891 855 1035 922 quantum
1062 843 1179 921 poteris,

136 941 246 1019 poteris
267 954 364 1002 autem
386 954 528 1019 quantum
549 944 636 1002 voles.
681 944 759 1003 Cum
786 961 856 1001 vero
877 941 1048 1001 intellexero
1073 952 1102 1001 te
1123 941 1182 1001 hoc

137 1037 278 1098 scientiae
297 1057 405 1115 genere
425 1039 561 1116 gaudere,
583 1049 698 1098 tumet
719 1057 856 1115 praesens
878 1048 977 1097 tecum
997 1038 1179 1114 propediem,

137 1144 170 1194 ut
204 1153 298 1210 spero,
327 1146 357 1194 et
383 1135 456 1195 dum
482 1135 586 1208 aberis,
614 1135 720 1194 absens
747 1136 861 1210 loquar.
914 1135 989 1194 Vale
1016 1133 1110 1211 igitur,
1139 1136 1181 1195 mi

138 1229 252 1303 Cicero,
281 1229 394 1306 tibique
420 1232 565 1307 persuade
593 1249 657 1290 esse
684 1240 714 1291 te
742 1229 863 1306 quidem
890 1229 962 1289 mihi
989 1230 1177 1302 carissimum,
1193 1258 1223 1294 ιο

138 1328 192 1389 sed
208 1329 302 1387 multo
320 1329 382 1387 fore
398 1312 548 1400 cariorem,
568 1327 592 1387 si
609 1326 716 1386 talibus
738 1325 939 1386 monumentis
956 1324 1192 1404 praeceptisque

137 1425 291 1486 laetabere.
343 1434 347 1441 '

191 1587 201 1620 1
230 1571 302 1620 ethi
324 1572 354 1619 St
366 1577 423 1636 post
442 1571 594 1623 Lambiuuon
612 1587 643 1620 ex
662 1571 756 1634 aliquot
772 1569 867 1634 optimis
887 1568 950 1619 codd.
976 1569 1044 1619 ‘caeno
1067 1572 1179 1620 maxinoa

137 1651 203 1700 enim
220 1651 359 1700 urbanitate
372 1658 397 1700 et
414 1651 582 1716 interpositum
599 1657 639 1700 est.
672 1651 862 1714 Intellegendum
882 1651 988 1700 enimet
1004 1651 1078 1701 ceteri
1099 1661 1124 1702 et
1143 1653 1178 1702 hi.

137 1732 169 1781 Si
185 1732 270 1788 adesset
284 1740 317 1789 et,
336 1733 464 1781 contraeia
478 1734 596 1782 sententio
613 1734 722 1782 euaderet
737 1733 772 1790 hi,
791 1749 842 1782 non
858 1733 940 1790 ceteri,
958 1735 1024 1797 qnod
1035 1741 1178 1799 perversum

137 1811 189 1862 est!
218 1817 227 1870 ΙΙ
261 1829 287 1862 11
306 1814 406 1863 monitis
421 1814 557 1862 hunnus
567 1814 729 1878 probantoleus
742 1815 824 1864 Heine
836 1815 884 1873 Lu,
900 1812 1178 1880 conf15156,monu·

140 1895 229 1944 mentis
240 1896 280 1944 Ba
291 1895 330 1943 Al
337 1911 392 1944 cum
398 1896 521 1961 plerisque
530 1895 604 1954 codd,
617 1894 776 1946 monimentis
791 1895 828 1946 Or
835 1911 891 1944 cnm
902 1895 1004 1946 Bern.c

512 2384 587 2423 LIBRI
604 2384 700 2423 TERTll
719 2382 792 2420 1³1le
