2670 4296
163 221 352 306 IIIX1V58]
426 225 476 285 De
494 227 661 285 contentione
679 226 802 285 Honesti
820 233 846 284 et
871 227 959 286 Utilis
1148 247 1206 306 115.

1087 341 1207 352 -..

174 449 375 502 mmmmm
412 393 599 469 vero'inquit
607 392 769 470 Antipater.
804 410 851 470 55.
876 393 971 468 ‘Quid
980 405 1024 453 est
1032 393 1112 454 enim
1122 395 1203 457 aliud

157 502 374 551 promdconinrhis
411 489 541 550 erranti
556 489 647 548 viam
668 507 736 548 non
757 500 960 563 monstrare,
977 491 1059 567 quod
1077 493 1203 554 Athenis

161 552 226 602 ω’)
411 586 644 648 execrationibus
664 585 789 663 publicis
810 596 944 646 sanctum
964 598 1017 660 est,
1033 587 1057 646 si
1070 589 1128 648 hoc
1142 609 1203 650 nou

161 695 213 758 est,
242 695 405 761 emptorem
429 683 490 760 pati
512 703 595 744 ruere
617 694 647 745 et
669 703 721 761 per
742 701 869 745 errorem
896 683 928 742 in
949 687 1107 748 maximam
1130 691 1203 750 frau-

161 783 230 842 dem
252 780 416 842 incurrere?
456 783 526 840 Plus
549 780 637 841 etiam
662 792 707 842 est
728 801 819 857 quam
842 781 921 841 viam
943 803 1004 843 non
1026 798 1202 850 monstrare:
1232 813 1246 862 5

160 896 230 939 nam
262 889 308 937 est
341 876 483 937 scientem
512 877 544 937 in
571 897 699 939 errorem
729 879 852 936 alterum
883 877 1042 940 inducere!
1095 883 1203 961 Dioge·

160 993 213 1034 nes
234 985 350 1035 contra:
373 977 467 1033 ‘Num
486 986 516 1035 te
541 994 640 1035 emere
667 974 772 1050 co'e'git‚
794 975 845 1051 qui
866 995 904 1037 ne
927 977 1058 1037 hortatus
1080 979 1202 1055 quidem

160 1074 226 1132 est?
253 1071 301 1132 ille
328 1073 410 1148 quod
441 1091 503 1131 non
529 1072 666 1147 placebat
692 1070 871 1147 proscripsit,
900 1083 933 1130 tu
960 1074 1042 1148 quod
1066 1077 1202 1151 placebat
1267 1054 1272 1065 Ι

160 1164 264 1226 emisti.
295 1167 386 1240 Quod
397 1165 421 1226 si
433 1167 484 1243 qui
497 1166 695 1242 proscribunt:
712 1183 828 1225 vruLxM
841 1185 949 1227 BONAM
962 1185 1105 1240 uranvu
1114 1189 1202 1230 Arm-

162 1280 305 1336 srcxrxu,
321 1283 382 1323 non
401 1263 605 1324 existimantur
623 1263 768 1337 fefellisse,
784 1263 900 1324 etiamsi
918 1264 967 1324 illa
986 1285 1041 1325 nec
1059 1267 1139 1328 bona
1158 1280 1201 1328 est
1217 1285 1246 1320 10

161 1379 217 1420 nec
230 1361 383 1421 aedificata
396 1361 517 1434 ratione,
533 1363 627 1422 multo
641 1360 739 1421 minus
754 1360 804 1438 qui
819 1362 942 1421 domum
956 1381 1016 1421 non
1036 1365 1199 1427 laudarunt.

162 1456 225 1518 Ubi
244 1457 324 1516 enirn
345 1456 486 1517 iudicium
506 1458 646 1536 emptoris
665 1471 719 1531 est,
734 1458 775 1518 ibi
789 1461 867 1519 fraus
880 1459 1040 1519 venditoris
1060 1480 1136 1537 quae
1151 1482 1203 1539 po

161 1543 218 1615 test
231 1540 313 1615 esse?
347 1553 398 1615 Sin
412 1566 511 1614 autem
526 1555 638 1615 dictum
652 1574 713 1615 non
727 1573 816 1614 omne
830 1556 1038 1631 praestandum
1052 1569 1104 1631 est,
1120 1561 1208 1636 quod·¹

94 1680 100 1704 ι
162 1652 274 1713 dictum
288 1672 349 1712 non
364 1665 416 1727 est,
431 1653 463 1712 id
477 1655 686 1730 praestandum
701 1655 804 1730 putas?
845 1652 927 1727 Quid
944 1673 1014 1713 vero
1028 1665 1072 1714 est
1086 1654 1201 1715 stultius

90 3497 151 3548 r1v

162 1769 251 1827 quam
265 1750 448 1810 venditorem
463 1751 526 1811 eius
539 1751 589 1824 rei,
605 1770 694 1827 quarn
709 1750 826 1824 vendat,
838 1749 908 1809 vitia
922 1752 1054 1810 narrare?
1067 1751 1140 1826 quid
1153 1771 1201 1810 au·
1217 1768 1243 1815 ¹5

161 1858 223 1909 tem
237 1858 297 1906 tam
312 1848 470 1906 absurdum
486 1867 575 1924 quam
590 1847 614 1907 si
633 1847 748 1907 domini
766 1847 846 1906 iussu
865 1846 906 1906 ita
919 1867 1025 1923 praeco
1038 1848 1201 1924 praedicet:

163 1960 277 2002 uouvrr
298 1930 514 2002 Pssrrrsuruu
534 1946 672 2003 vsnuol'
715 1945 761 2020 56.
804 1943 853 2003 Sic
877 1962 947 2020 ergo
971 1943 1002 2003 in
1026 1944 1202 2020 quibusdam

162 2041 258 2101 causis
278 2040 375 2101 dubiis
395 2060 432 2099 ex
451 2043 541 2102 altera
559 2053 642 2118 parte
661 2041 828 2101 defenditur
846 2041 993 2112 honestas,
1008 2059 1046 2101 ex
1059 2042 1149 2100 altera
1162 2042 1203 2100 ita

163 2139 201 2198 de
215 2137 339 2197 utilitate
354 2137 468 2210 dicitur,
484 2151 516 2197 ut
530 2137 569 2211 id,
585 2139 667 2214 quod
681 2137 752 2197 utile
768 2135 909 2207 videatur,
925 2155 986 2194 non
999 2138 1091 2195 modo
1107 2137 1202 2207 facere

162 2236 319 2295 honestum
333 2232 378 2307 sit,
394 2234 548 2295 sedetiam
562 2236 730 2294 nonfacere
750 2243 840 2309 turpe.
884 2234 970 2292 Haec
990 2241 1036 2291 est
1056 2231 1105 2291 illa
1125 2251 1246 2308 quaero

188 2377 305 2419 statement
352 2378 379 2419 of
413 2330 528 2391 videtur
546 2331 661 2389 utilium
680 2329 742 2401 fieri
760 2349 829 2388 cum
843 2327 975 2388 honestis
990 2346 1077 2403 saepe
1091 2327 1203 2401 dissen-

163 2430 322 2520 {ffi‘gssfgfffp}
334 2429 376 2520 edwi]
415 2429 466 2489 sio.
504 2430 588 2503 Quae
600 2427 790 2487 diiudicanda
800 2437 882 2485 sunt:
896 2444 957 2485 non
969 2424 1056 2496 enim,
1068 2435 1100 2483 ut
1115 2443 1202 2501 quae·

163 2527 233 2570 ΟΜ
414 2542 551 2595 reremuS,
566 2521 762 2598 exposuimus,
778 2521 831 2580 sed
845 2530 877 2579 ut
891 2519 1109 2596 explicaremus.
1153 2535 1200 2596 57.

164 2626 235 2685 Non
253 2624 340 2702 igitur
357 2623 471 2683 videtur
489 2639 545 2678 nec
564 2618 767 2678 frumentarius
780 2617 830 2677 ille
844 2615 980 2676 Rhodios
995 2635 1050 2697 nec
1064 2615 1112 2674 hic
1126 2615 1204 2676 aedi·

163 2742 216 2782 um
235 2721 371 2782 venditor
391 2720 485 2778 celare
506 2727 652 2792 emptores
673 2713 818 2799 debuisse.
862 2715 968 2788 Neque
996 2711 1075 2771 enim
1102 2711 1135 2771 id
1157 2724 1202 2771 est
1216 2731 1245 2778 ²5

164 2819 267 2891 celare,
283 2815 427 2893 quidquid
448 2812 577 2883 reticeas
593 2812 647 2871 sed
667 2830 745 2883 curn,
760 2810 843 2887 quod
863 2819 895 2868 tu
916 2807 999 2880 scias,
1019 2807 1051 2866 id
1070 2807 1201 2884 ignorare

164 2913 356 2975 emolumenti
370 2912 413 2971 tui
431 2929 519 2968 eausa
537 2907 609 2967 velis
625 2927 686 2980 eoS,
702 2926 827 2983 quorum
841 2905 953 2965 intersit
967 2905 998 2964 id
1013 2903 1093 2964 scire.
1132 2906 1202 2963 Hoc

164 3023 264 3071 autem
278 3003 394 3069 celandi
408 3026 500 3085 genus
514 3005 600 3080 quale
616 3003 652 3062 sit
665 3014 696 3062 et
709 3003 793 3061 cuius
804 3000 940 3072 hominis,
951 3000 1016 3076 quis
1031 3019 1092 3060 non
1100 2999 1202 3060 videt?

165 3110 253 3169 Certe
274 3125 335 3166 non
358 3103 450 3181 aperti
474 3122 534 3161 non
560 3099 708 3176 simplicis,
731 3119 791 3158 non
812 3097 932 3175 ingenui
956 3117 1018 3156 non
1042 3095 1117 3168 iusti,
1140 3116 1201 3157 non

163 3203 217 3265 viri
237 3203 315 3273 boni,
335 3200 443 3262 versuti
463 3198 561 3276 potius
581 3195 706 3268 obscuri,
730 3194 816 3255 astuti
843 3193 961 3266 fallacis
985 3192 1122 3253 malitiosi
1146 3196 1201 3252 cal·
1215 3203 1246 3250 30

164 3301 225 3372 lidi,
240 3298 408 3361 veteratoris
422 3296 500 3356 vafri
545 3296 632 3354 Haec
650 3303 695 3352 tot
713 3303 743 3352 et
756 3291 813 3350 alia
826 3291 910 3367 plura
927 3309 1027 3350 nonne
1041 3289 1143 3350 inutile
1157 3301 1201 3350 est

163 3398 298 3459 vitiorum
314 3397 410 3456 srbirc
424 3393 563 3452 nomina?
809 3449 811 3453 ,
1089 3380 1092 3385 ’

189 3542 254 3585 cases
267 3543 291 3583 os
302 3542 373 3582 down·
481 3492 525 3566 58.
568 3488 659 3564 Quod
686 3487 710 3548 si
736 3485 920 3562 vituperandi
947 3485 997 3563 qui
1017 3484 1200 3556 reticuerunt,

163 3593 375 3645 annexueras
413 3586 485 3662 quid
509 3586 547 3645 de
570 3584 606 3644 iis
629 3582 856 3644 existimandum
881 3592 933 3654 est,
956 3581 1006 3656 qui
1030 3579 1201 3642 orationis

163 3644 186 3686 in
195 3644 231 3684 the
242 3643 302 3683 fraud
316 3655 375 3693 prac-

163 3694 376 3794 psepofflcpnppps
413 3680 603 3743 vanitatem
618 3679 831 3739 adhibuerunt?
861 3679 895 3739 C.
913 3677 1023 3737 Canius
1037 3695 1127 3752 eques
1142 3678 1201 3737 Ro·
1214 3693 1242 3742 35

164 3792 193 3845 sy
227 3803 330 3843 nemus
362 3805 377 3832 a
413 3796 526 3851 manus,
542 3793 597 3836 nec
618 3774 761 3836 infacetus
781 3784 811 3834 et
832 3772 901 3833 satis
921 3772 1072 3843 litteratus,
1086 3790 1154 3831 cum
1168 3789 1200 3830 se

543 3906 571 3950 14
588 3888 646 3952 [est]
664 3887 760 3938 stultius
778 3886 816 3936 Or

1055 3980 1144 4036 b-—r
