2670 4296
105 209 157 269 III
171 227 228 268 xxr
244 205 294 290 85]
368 210 417 268 De
435 166 603 270 contentiosis
622 210 749 268 Honesti
763 217 792 268 et
816 211 904 270 welo
1090 225 1146 287 1²5

105 376 245 455 Capitalis
260 379 397 438 Eteocles
411 379 459 437 vel
472 376 570 453 potius
585 376 748 454 Euripides,
764 376 814 453 qui
828 377 860 436 id
873 397 973 451 unum,
989 378 1071 455 quod
1085 397 1146 439 om·

104 475 186 534 nium
207 474 461 535 sceleratissimum
482 473 575 548 fuerit,
597 473 757 550 exceperit!
800 477 846 550 83.
884 474 966 549 Quid
986 475 1073 552 igitur
1092 474 1145 535 mi·

104 583 176 633 nuta
189 572 360 650 colligimus,
375 570 559 643 hereditates,
575 582 761 643 mercaturas,
775 570 962 632 venditiones
980 572 1146 632 fraudulen-

104 674 166 731 tas?
196 673 274 730 Ecce
295 670 356 743 tibi,
379 669 430 746 qui
447 688 498 729 rex
517 669 619 745 populi
640 668 769 729 Romani
790 669 987 745 dominusque
1009 668 1143 729 omnium

103 767 234 845 gentium
248 787 312 827 esse
326 765 525 842 concupiverit
539 766 630 842 idque
643 765 810 843 perfecerit!
848 768 937 824 Hanc
952 765 1144 843 cupiditatem
1175 775 1189 827 ⁵

104 865 129 925 si
143 865 297 925 honestam
312 863 377 940 quis
396 883 459 923 esse
480 862 559 934 dicit,
576 881 679 922 amens
697 872 754 922 est:
775 862 880 938 probat
901 861 981 921 enim
1001 864 1098 939 legum
1115 873 1145 924 et

104 960 244 1021 libertatis
257 959 406 1021 interitum
421 979 579 1036 earumque
593 959 811 1036 oppressionem
834 969 957 1019 taetram
970 970 1001 1019 et
1022 946 1145 1020 detes'ta

104 1056 195 1118 bilem
212 1056 369 1134 gloriosam
387 1066 477 1134 putat
521 1055 581 1131 Qui
600 1066 699 1115 autem
713 1057 819 1115 fatetur
832 1056 990 1116 honestum
1004 1076 1065 1117 non
1080 1076 1144 1118 esse

104 1153 136 1214 in
152 1173 188 1214 ea
207 1153 332 1226 civitate,
348 1172 423 1228 quae
442 1153 532 1212 libera
549 1151 635 1211 fuerit
657 1171 792 1228 quaeque
807 1171 870 1212 esse
884 1154 999 1227 debeat,
1014 1173 1143 1231 regnare,

105 1250 158 1309 sed
178 1249 214 1322 ei,
234 1250 285 1326 qui
301 1249 333 1308 id
349 1250 443 1308 facere
464 1248 564 1325 possit,
587 1268 651 1308 esse
668 1248 746 1321 utile,
762 1268 822 1324 qua
842 1251 922 1308 hunc
941 1249 1143 1326 obiurgatione
1159 1269 1189 1306 ro

104 1356 229 1422 autquo
243 1345 340 1422 potius
354 1344 515 1405 convicioa
529 1356 611 1404 tanto
632 1364 728 1404 errore
749 1365 839 1404 coner
857 1348 999 1407 avellere?
1041 1351 1143 1410 Potest

105 1444 192 1517 enim,
208 1443 250 1503 dii
269 1443 462 1503 immortales!
482 1441 621 1518 cuiquam
642 1461 707 1501 esse
726 1442 798 1502 utile
818 1443 1021 1504 foedissimum
1043 1457 1145 1506 ettae

105 1541 254 1602 terrimum
268 1540 455 1618 parricidium
469 1539 587 1616 patriae,
603 1539 737 1616 quamvis
757 1540 790 1612 is,
806 1541 905 1617 qui¹se
926 1561 963 1603 eo
982 1543 1143 1603 obstrinxe-

130 1666 243 1708 Μυός
252 1667 270 1707 5,
279 1666 315 1707 g,
351 1636 396 1708 rit,
411 1637 449 1695 ab
459 1635 604 1712 oppressis
618 1635 729 1695 civibus
744 1638 853 1696 Parens
867 1637 1053 1699 nominetur?
1080 1641 1144 1700 Ho

104 1717 139 1808 22¹
165 1726 317 1809 ’ᾏξῖᾗῗξῖ
353 1744 465 1792 nestate
480 1733 572 1810 igitur
592 1732 746 1809 dirigenda
765 1733 873 1793 utilitas
894 1746 938 1794 est
965 1746 995 1796 et
1020 1735 1142 1812 quidem
1158 1747 1185 1796 ¹5

106 1817 247 1869 amarem.
354 1829 404 1903 sic,
429 1840 462 1888 ut
482 1829 555 1888 haec
576 1829 638 1889 duo
657 1830 747 1888 verbo
768 1829 843 1888 inter
863 1849 894 1890 se
917 1831 1088 1908 discrepare,
1111 1852 1143 1893 re

106 1944 200 1985 unum
218 1944 322 1984 sonare
337 1925 498 1984 videantur.
542 1928 587 1998 84
615 1927 686 1984 Non
703 1927 798 1986 habeo
817 1927 856 1986 ad
874 1927 952 2005 volgi
971 1928 1143 2005 opinionem

107 2039 183 2096 quae
197 2018 290 2079 maior
302 2019 410 2079 utilitas
425 2039 513 2096 quam
534 2020 677 2097 regnandi
697 2040 761 2080 esse
775 2021 876 2096 possit,
892 2022 964 2081 nihil
981 2036 1083 2084 contra
1101 2025 1143 2085 in·

106 2113 206 2176 utilius
216 2115 252 2187 ei,
262 2115 313 2191 qui
323 2115 355 2175 id
364 2115 470 2175 iniuste
484 2128 661 2176 consecutus
670 2116 715 2188 sit,
725 2116 852 2189 invenio,
864 2137 932 2178 curn
942 2120 981 2178 ad
991 2121 1143 2182 veritatem

126 2247 318 2300 melanippa&
355 2212 441 2289 coepi
461 2231 597 2272 revocare
623 2211 774 2273 rationem.
825 2215 952 2274 Possunt
979 2215 1059 2275 enim
1085 2218 1188 2276 cui-20

105 2299 297 2350 ‘’sullam’ffif‘
354 2328 444 2383 quam
465 2328 529 2368 esse
549 2309 635 2368 utiles
655 2328 787 2386 angores,
809 2311 1028 2386 sollicitudines,
1046 2314 1144 2374 diurni

105 2416 136 2468 et
150 2405 285 2466 nocturni
300 2416 402 2478 metus,
418 2404 479 2464 vita
492 2404 663 2465 insidiarum
683 2407 936 2485 periculorumque
957 2410 1145 2487 plenissima?

298 2549 380 2599 Mu'lti
393 2549 476 2614 iniqui
488 2555 560 2614 atque
573 2549 681 2614 {nfideles
697 2550 777 2615 rlgnn
788 2554 868 2616 pauci
881 2553 986 2604 baizevolr'

107 2680 206 2759 inquit
221 2679 339 2740 Accius.
380 2682 422 2738 At
434 2679 482 2738 cui
496 2681 605 2757 regno?
625 2681 707 2756 quod
720 2700 739 2740 a
754 2683 881 2743 Tantalo
899 2694 929 2743 et
948 2685 1058 2760 Pelope
1078 2705 1143 2762 pro

108 2779 202 2840 ditum
221 2777 283 2838 iure
303 2776 497 2854 optinebatur.
539 2779 619 2836 Nam
633 2787 744 2854 quanto
757 2779 854 2854 plures
868 2778 896 2839 ei
910 2781 970 2857 regi
983 2792 1077 2857 putas,
1092 2783 1142 2859 qui
1155 2804 1187 2854 as
1252 2785 1254 2790 ’

107 2875 235 2936 exercitu
248 2873 350 2951 populi
360 2872 488 2934 Romani
501 2875 645 2950 populum
658 2873 754 2950 ipsum
769 2877 939 2935 Romanum
953 2877 1144 2954 oppressisset

108 2972 313 3048 civitatemque
334 2990 395 3031 non
415 2971 506 3030 modo
526 2971 657 3044 liberam,
672 2972 725 3032 sed
745 2970 835 3032 etiam
854 2972 989 3050 gentibus
1002 2973 1144 3051 imperan-

108 3079 169 3129 tem
189 3066 294 3127 servire
315 3065 370 3126 sibi
390 3065 552 3142 coegisset?
603 3067 649 3142 85.
686 3068 780 3125 Hunc
800 3076 831 3126 tu
853 3086 926 3143 quas
946 3067 1144 3130 conscientiae

108 3165 188 3224 labes
209 3163 239 3221 in
260 3162 359 3223 animo
377 3181 479 3222 censes
500 3160 644 3233 habuisse,
659 3182 736 3239 quae
755 3165 894 3224 vulnera?
933 3164 1026 3225 Cuius
1045 3178 1144 3233 autem

107 3259 167 3320 vita
182 3259 236 3337 ipsi
250 3270 346 3336 potest
360 3257 438 3317 utilis
453 3277 526 3328 esse,
541 3277 610 3316 cum
623 3256 687 3318 eius
700 3258 776 3319 vitae
791 3279 827 3320 ea
840 3258 972 3320 conditio
986 3259 1032 3335 sit,
1047 3271 1079 3322 ut
1092 3261 1144 3338 qui
1157 3285 1189 3335 30

108 3354 187 3415 illam
215 3353 350 3430 eripuerit
377 3353 408 3412 in
436 3353 563 3414 maxima
590 3365 621 3414 et
650 3354 743 3432 gratia
771 3356 885 3416 futurus
916 3356 954 3417 sit
980 3367 1009 3417 et
1035 3357 1145 3435 gloria?

110 3453 200 3528 Quod
214 3451 238 3511 si
252 3453 325 3512 haec
335 3451 417 3511 utilia
431 3471 492 3511 non
506 3462 582 3526 sunt,
594 3471 670 3529 quae
684 3451 810 3514 maxime
823 3451 968 3523 videntur,
976 3452 1045 3531 quia
1057 3457 1146 3531 plena

160 3638 169 3672 1
189 3620 319 3686 Euripides
330 3620 369 3669 vel
380 3619 463 3684 potius
474 3619 588 3670 Eteocles
596 3621 712 3670 Pcorn’us
720 3628 745 3670 et
759 3621 893 3672 Gamnts:
908 3621 1020 3687 capitalis
1032 3623 1146 3676 Eteocles

107 3703 158 3769 [vel
180 3703 261 3769 potius
283 3701 424 3765 Euripides]
446 3701 588 3762 Personas,⁸
608 3707 686 3750 totum
710 3702 825 3754 Eteocles
844 3704 885 3753 vel
906 3704 989 3770 potius
1015 3703 1146 3772 Euripides

104 3784 233 3849 glossatori
247 3782 361 3830 tnluunt
378 3781 419 3829 Bo
438 3781 517 3830 Heiru
556 3785 566 3840 ll
607 3797 638 3847 ²3
655 3782 727 3852 pauci
743 3783 857 3835 benevoli
873 3785 914 3835 Ba
929 3785 1010 3835 Hrine
1024 3786 1056 3835 St
1069 3799 1083 3835 e
1095 3785 1143 3836 cod.

107 3867 185 3917 Bern.
202 3880 233 3925 c,·
248 3865 319 3930 vulgo
330 3871 386 3915 sunt
397 3865 458 3916 boni
515 3922 518 3929 ‚
