2670 4296
90 225 211 284 lxxvii
227 223 277 306 96]
416 229 524 288 Decori
539 229 683 305 discriptio
703 230 807 326 duplex
1098 249 1114 306 3
1119 247 1134 308 5

88 390 192 452 utilem
225 393 363 468 praebeat
397 413 453 454 nee
486 394 612 456 lubidini
645 394 743 471 potius
770 393 960 470 luxuriaeque
986 413 1076 470 quam
1103 395 1136 475 li?

88 488 234 550 beralitati
254 500 283 549 et
310 490 521 552 beneficentiae
548 502 655 569 pareat.
706 494 793 551 Haec
819 491 997 568 praescripta
1023 510 1136 551 servan-

88 594 151 644 tem
165 584 247 650 ‚licet
273 587 436 663 magnifice,
457 587 581 665 graviter
607 588 799 664 animoseque
819 587 916 648 vivere
936 599 1024 664 atque
1045 587 1134 649 etiam

88 679 267 757 simpliciter,
282 682 414 757 fideliter,
429 703 498 744 vere
511 686 689 746 thominum
703 686 806 747 amice.

10 782 303 882 lvllrourqriftaromat
401 799 447 856 93.
490 779 627 856 Sequitur
646 789 680 838 ut
700 780 739 839 de
758 797 818 838 una
837 777 951 855 reliqua
975 789 1057 856 parte
1083 779 1135 840 ho
1164 801 1178 850 5

100 851 291 954 Temperihoe,
339 877 460 938 nestatis
474 877 634 937 dicendum
648 875 693 949 sit,
706 875 736 935 in
751 895 809 952 qua
818 876 994 936 verecundia
1007 887 1038 937 et
1051 876 1135 952 quasi

86 968 294 1071 “flgffiffifss
339 975 459 1051 quidam
480 985 598 1034 omatus
619 974 704 1047 vitae,
726 973 918 1050 temperantia
938 985 968 1033 et
988 974 1134 1034 modestia

87 1086 229 1147 Propriety
257 1088 300 1138 (de-
338 1071 493 1147 omnisque
520 1069 633 1130 sedatio
660 1069 911 1145 perturbationum
932 1068 1022 1128 animi
1042 1080 1072 1129 et
1092 1089 1134 1130 re

86 1137 170 1187 mm)
186 1138 248 1188 being
264 1138 300 1178 the
620 1165 626 1176 .
977 1165 984 1178 .
1093 1165 1099 1178 .

86 1187 191 1228 universal
201 1197 300 1247 property
337 1187 402 1225 rum
422 1168 528 1226 modus
548 1176 682 1225 cemrtur.
726 1167 797 1224 Hoc
816 1167 884 1224 loco
905 1176 1072 1225 continetur
1091 1168 1131 1236 id,

86 1236 300 1338 imviissuhfflffi}
338 1262 421 1338 quod
435 1261 493 1321 dici
513 1261 617 1321 Latine
636 1261 777 1320 decorum
795 1270 901 1336 potest,
918 1261 1030 1320 Graece
1052 1260 1131 1320 enim
1148 1285 1177 1320 ιο

86 1337 299 1428 ἓῗὴῖῗὲῑῗῑζζῖὴξξῗ
337 1359 443 1435 πρέπον
464 1358 576 1418 dicitur.
619 1357 720 1416 Huius
733 1356 777 1415 vis
791 1376 827 1417 ea
844 1368 899 1431 est,
907 1368 940 1416 ut
952 1359 990 1418 ab
1005 1359 1131 1419 honesto

86 1446 145 1495 ‘¹¹⁶⁵‘
158 1439 198 1479 νὴ
336 1478 398 1518 non
412 1467 502 1534 queat
514 1454 648 1532 separari.
685 1474 731 1531 94.
755 1456 834 1513 Nam
845 1466 875 1514 et
884 1455 966 1530 quod
980 1455 1066 1514 decet
1080 1456 1132 1515 ho

86 1567 204 1617 nestum
213 1568 258 1617 est
269 1568 297 1616 et
309 1557 391 1632 quod
401 1556 557 1614 honestum
568 1563 612 1612 est
621 1553 715 1612 decet
748 1550 850 1625 Qualis
859 1562 958 1611 autem
967 1550 1131 1612 differentia

85 1652 123 1712 sit
146 1651 263 1713 honesti
286 1663 316 1711 et
334 1650 442 1723 decori,
464 1649 576 1708 facilius
596 1647 725 1725 intellegi
745 1666 835 1723 quam
857 1647 1003 1724 explanari
1023 1659 1127 1725 potest.

86 1750 240 1827 Quidquid
260 1761 305 1809 est
325 1749 405 1808 enim
426 1748 508 1824 quod
529 1748 640 1820 deceat,
662 1746 697 1806 id
714 1725 927 1821 tum'apparet,
953 1765 1021 1804 curn
1048 1758 1129 1807 ante·
1144 1766 1171 1812 15

83 1866 182 1924 gressa
201 1857 246 1905 est
265 1847 413 1904 honestas.
470 1845 575 1919 Itaque
595 1862 656 1902 non
677 1843 774 1901 solum
793 1841 825 1900 in
846 1842 902 1900 hac
922 1853 1004 1918 parte
1024 1843 1129 1902 hones·

83 1943 159 2017 tatis,
188 1943 226 2002 de
253 1961 311 2017 qua
337 1941 483 2000 hocloco
504 1939 707 1998 disserendum
728 1949 781 2011 est,
803 1938 856 1997 sed
876 1936 965 1997 etiam
985 1936 1016 1995 in
1037 1937 1128 1998 tribus

334 2035 533 2112 superioribus
567 2033 640 2110 quid
670 2035 773 2092 deceat
805 2043 934 2108 apparet.
990 2034 1070 2092 Nam
1098 2047 1127 2094 et

332 2134 445 2193 ratione
465 2133 509 2193 uti
529 2144 617 2208 atque
644 2130 775 2191 oratione
802 2131 960 2206 prudenter
985 2141 1016 2190 et
1042 2150 1127 2208 agere

83 2233 167 2308 quod
193 2249 261 2308 agas
289 2229 472 2289 considerate
500 2229 641 2304 omnique
668 2226 700 2286 in
726 2246 758 2286 re
785 2225 859 2302 quid
886 2225 923 2286 sit
946 2226 1007 2285 veri
1027 2225 1126 2286 videre
1140 2253 1171 2286 κο

83 2339 112 2388 et
126 2327 200 2387 tueri
221 2328 315 2399 decet,
330 2337 491 2402 contraque
511 2326 572 2384 salli
595 2343 696 2396 errare,
712 2324 771 2383 labi
801 2322 899 2400 decipi
919 2334 980 2382 tam
1001 2324 1126 2384 dedecet

334 2439 423 2495 quam
444 2421 566 2481 delirare
586 2432 616 2480 et
636 2432 735 2480 mente
756 2438 820 2479 esse
841 2431 961 2496 captum
970 2439 981 2492 ;Ι
1000 2430 1029 2478 et
1046 2420 1126 2494 justa

83 2105 207 2155 Wisdom,

120 2479 130 2505 S
147 2479 154 2505 l
176 2479 188 2505 e

81 2465 116 2516 Η
135 2473 171 2506 tc
193 2495 200 2515 ’
332 2518 432 2577 omnia
445 2519 552 2580 decora
572 2529 648 2590 sunt,
669 2515 776 2575 iniusta
796 2528 897 2576 contra
917 2528 949 2575 ut
969 2516 1063 2592 turpia
1083 2516 1136 2578 sic'

82 2597 234 2646 F⁰'⁸³‘⁰d⁰¹
330 2612 476 2672 indecora
519 2612 626 2672 Similis
647 2623 691 2672 est
712 2612 785 2672 ratio
805 2612 989 2673 fortitudinis.
1034 2615 1124 2688 Quod

80 2707 161 2766 enirn
174 2707 293 2768 viriliter
313 2710 472 2787 animoque
492 2729 600 2786 magno
620 2711 661 2782 fit,
677 2708 708 2768 id
729 2708 849 2785 dignuin
863 2709 925 2770 viro
939 2721 968 2769 et
983 2710 1124 2770 decorum
1137 2731 1166 2778 25

79 2806 204 2879 videtur,
220 2808 302 2882 quod
322 2819 431 2881 contra,
447 2807 479 2867 id
496 2818 529 2865 ut
543 2819 627 2884 turpe
641 2806 683 2865 sic
696 2805 878 2867 indecorum.
935 2825 981 2885 95.
1025 2809 1123 2884 Quare

79 2903 205 2980 pertinet
225 2905 347 2981 quidem
368 2906 407 2965 ad
428 2924 547 2965 omnem
568 2906 752 2964 honestatem
772 2905 838 2979 hoc,
861 2906 942 2981 quod
969 2904 1045 2978 dico,
1074 2906 1123 2966 de·

79 3022 191 3074 corum,
217 3014 249 3063 et
282 3004 322 3062 ita
355 3004 489 3080 pertinet,
516 3013 549 3062 ut
583 3023 643 3063 non
677 3001 829 3062 recondita
854 3003 982 3078 quadam
1010 3002 1122 3064 ratione

79 3117 222 3172 cernatur,
244 3102 298 3159 sed
319 3100 355 3160 sit
375 3100 406 3159 in
426 3112 571 3177 promptu.
616 3103 669 3159 Est
689 3099 768 3159 enirn
794 3099 944 3175 quiddam,
963 3099 1053 3175 idque
1080 3099 1122 3158 in-

78 3193 224 3270 tellegitur
254 3194 284 3253 in
317 3196 399 3255 omni
426 3197 539 3269 virtute,
574 3198 656 3274 quod
689 3197 801 3268 deceat,
833 3197 915 3271 quod
944 3196 1165 3273 cogitationem
1251 3248 1274 3267 J.

77 3292 171 3368 magis
198 3311 217 3350 a
242 3293 347 3354 virtute
375 3305 471 3370 potest
499 3314 589 3370 quarn
616 3314 646 3354 re
674 3293 806 3369 separari.
850 3295 893 3354 Ut
926 3305 1062 3354 venustas
1090 3309 1120 3354 et

76 3388 264 3465 pulchritudo
285 3392 414 3467 corporis
433 3392 545 3451 secerni
563 3412 624 3452 non
645 3402 741 3468 potest
761 3410 780 3450 a
798 3390 973 3464 valetudine,
989 3391 1031 3450 sic
1051 3393 1117 3465 hoc,

77 3486 115 3545 de
144 3505 204 3562 quo
224 3487 380 3562 loquimur,
403 3490 544 3549 decorum
565 3501 660 3548 totum
682 3488 753 3546 illud
776 3488 896 3563 quidem
919 3499 963 3548 est
985 3507 1053 3548 cum
1067 3488 1118 3547 vir-

75 3595 137 3641 tute
152 3585 315 3656 confusum,
330 3586 384 3644 sed
398 3597 496 3645 mente
511 3597 540 3646 et
554 3585 730 3662 cogitatione
745 3584 936 3662 distinguitur.

74 3677 289 3780 pnTei'J,·⁵⁰g¹{⁵n⁰esf{i]
388 3686 433 3759 96.
477 3685 529 3742 Est
547 3695 644 3742 autem
660 3682 723 3742 eius
737 3682 887 3758 discriptio
901 3684 1026 3760 duplex:
1048 3702 1116 3742 nam
1131 3704 1160 3753 35

124 3846 137 3880 a
157 3840 240 3896 pateat
261 3833 297 3881 Or
310 3833 358 3881 alii
371 3848 426 3880 cum
439 3831 526 3896 parteis
541 3830 606 3878 codl.
671 3835 680 3887 ll
744 3845 831 3892 4vere
847 3829 920 3891 codd,
940 3831 1005 3880 vitae
1019 3831 1116 3886 OrBe;

73 3903 157 3974 generi
171 3912 212 3961 Lu
223 3912 271 3960 olii
347 3941 349 3946 ·

955 4028 1032 4084 3-2
