2670 4296
12 695 83 746 XIII

98 180 252 264 Ix11141]
269 174 272 181 ¹
476 189 525 245 De
542 188 643 246 bellicis
661 189 757 264 ifficiis

223 356 352 404 comendem
367 356 474 405 libertati
488 373 525 405 me
536 365 636 421 parcere
650 367 778 410 certumst:

225 436 292 496 dono,
310 437 393 497 duecte,
413 437 487 502 doque
501 434 632 488 uolentibus
647 456 703 488 cum
722 440 819 504 magnis
836 441 881 490 dis.

96 550 215 631 Regalis
229 572 300 612 sane
314 562 344 613 et
357 553 447 631 digna
460 555 655 616 Aeacidarum
669 576 775 634 genere
790 556 943 636 sententia

121 746 252 788 ,ndffidmb
284 761 308 789 as
407 721 452 777 39.
496 705 594 779 Atque
608 703 705 776 etiam,
721 703 745 762 si
760 703 833 780 quid
846 691 1141 784 singulitemporibus

94 797 308 898 ffifflngffi‘ggffi
345 797 467 858 adducti
487 798 565 858 hosti
585 799 788 875 promiserunt,
810 812 854 860 est
874 801 905 860 in
925 821 962 862 eo
982 802 1047 879 ipso
1067 804 1141 864 fides
1169 823 1182 870 5

94 896 157 988 ξεῖ
176 898 308 998 migr}
346 896 554 968 conservanda,
584 907 616 954 ut
644 895 739 972 primo
768 897 882 957 Punico
908 899 987 958 bello
1008 901 1139 976 Regulus

95 997 308 1089 pgunlcaermfficffi
346 1002 448 1068 captus
469 1011 487 1050 a
506 991 622 1066 Poenis
638 1012 707 1051 cum
728 995 766 1053 de
785 994 906 1070 captivis
921 997 1139 1058 commutandis

95 1110 186 1200 1115wa
202 1147 227 1189 os
241 1159 309 1189 emu-
348 1089 478 1146 Romam
498 1087 603 1147 missus
624 1100 700 1148 esset
721 1088 900 1166 iurassetque
917 1110 949 1150 se
969 1091 1139 1167 rediturum,

97 1209 145 1240 tus
345 1185 481 1262 primum,
496 1195 530 1243 ut
548 1184 637 1258 venit,
652 1185 782 1262 captivos
803 1184 971 1248 reddendos
989 1188 1020 1247 in
1037 1201 1140 1249 senatu

96 1301 159 1343 non
172 1283 295 1356 censuit,
311 1282 428 1354 deinde,
443 1299 512 1339 cum
526 1280 697 1341 retineretur
711 1301 728 1340 a
741 1282 913 1359 propinquis
927 1295 956 1344 et
972 1285 1010 1344 ab
1029 1285 1138 1360 amicis,
1156 1307 1184 1343 ιο

96 1381 136 1440 ad
150 1379 326 1458 supplicium
339 1377 433 1438 redire
447 1376 550 1436 maluit
564 1396 652 1453 quam
666 1379 756 1438 fidem
771 1378 848 1439 hosti
862 1382 962 1439 datam
976 1383 1082 1452 fallere,

116 1565 308 1616 nummosve*
394 1523 446 1585 [40.
480 1523 594 1574 Secundo
616 1530 699 1572 autem
716 1524 809 1574 Punico
826 1525 891 1574 bello
907 1533 964 1590 post
984 1527 1139 1578 Cannensem

94 1615 309 1676 jurytintenssoman
347 1618 456 1667 pugnam
478 1619 540 1667 quos
560 1603 645 1652 decem
666 1605 794 1654 Hannibal
815 1606 921 1654 Romam
940 1607 1051 1657 astrictos
1073 1609 1140 1658 misit

96 1666 310 1759 fflffigffifhe
348 1684 400 1733 iure
411 1684 514 1732 iurando
525 1701 551 1734 se
566 1685 686 1734 redituros
703 1701 763 1744 esse,
777 1686 824 1734 ulsi
840 1687 871 1735 de
887 1687 1035 1737 redimendis
1052 1688 1081 1737 iis
1097 1689 1140 1753 qui

347 1766 414 1830 capti
436 1773 504 1815 erant
526 1767 706 1830 impetrassent,
728 1783 770 1816 eos
797 1783 882 1817 omnes
909 1784 1029 1826 censores,
1057 1772 1140 1835 quoad
1155 1787 1182 1835 1⁵

97 1847 201 1913 quisque
217 1864 302 1898 eorum
318 1847 387 1906 vixit,
407 1847 449 1911 qui
465 1847 623 1911 peierassent,
639 1848 666 1896 in
682 1848 780 1897 aerariis
801 1847 959 1912 reliquerunt,
992 1865 1038 1900 nec
1059 1852 1140 1902 minus

97 1929 176 1987 illum,
193 1929 236 1994 qui
252 1929 311 1977 iuris
327 1928 423 1977 iurandi
440 1927 524 1977 fraude
540 1927 639 1992 culpam
655 1928 789 1977 invenerat.
823 1930 888 1978 Cum
904 1929 970 1979 enim
991 1931 1140 1982 Hannibalis

97 2011 217 2075 permissu
228 2009 316 2058 exisset
326 2009 358 2057 de
370 2009 461 2068 castris,
476 2008 548 2057 rediit
564 2009 638 2072 paulo
654 2014 719 2072 post,
731 2009 798 2072 quod
813 2024 840 2057 se
856 2009 961 2058 oblitum
977 2012 1060 2061 nescio
1081 2013 1140 2076 quid

98 2091 197 2140 diceret.
233 2089 332 2138 Deinde
349 2104 458 2152 egressus
474 2105 488 2137 e
505 2089 589 2137 castris
600 2091 652 2137 iure
662 2089 765 2137 iurando
774 2105 800 2138 se
811 2088 918 2138 solutum
928 2093 1039 2154 putabat,
1053 2101 1077 2141 et
1089 2100 1141 2142 erat

98 2171 188 2228 verbis,
200 2186 226 2219 re
236 2185 287 2218 non
298 2175 358 2217 erat.
392 2169 496 2232 Semper
507 2176 589 2218 autem
600 2168 625 2217 in
636 2167 686 2217 fide
706 2169 765 2232 quid
776 2169 887 2226 senseris,
899 2185 948 2218 non
970 2171 1030 2235 quid
1041 2171 1139 2229 dixeris,
1153 2186 1184 2220 co

98 2251 265 2316 cogitandum.
298 2249 436 2298 Maximum
452 2258 536 2297 autem
552 2249 692 2312 exemplum
709 2256 746 2298 est
762 2249 868 2298 iustitiae
885 2250 911 2298 in
926 2250 1023 2301 hostem
1038 2251 1139 2301 amalo·

124 2356 310 2410 Enmpleotjus·
348 2330 415 2379 ribus
431 2330 520 2379 nostris
536 2329 704 2386 constitutum,
715 2345 771 2378 cum
787 2345 803 2377 a
820 2331 913 2393 Pyrrho
929 2331 1032 2395 perfuga
1045 2333 1141 2381 senatui

99 2411 140 2454 tice
168 2409 258 2470 tqwards
283 2420 310 2447 ³¹¹
348 2415 385 2459 est
401 2410 526 2474 pollicitus
541 2425 568 2459 se
585 2425 705 2459 venenum
722 2410 773 2474 regi
790 2410 903 2459 daturum
920 2418 945 2460 et
964 2427 1020 2460 eum
1042 2420 1140 2461 necatu-

98 2459 311 2554 {ieffiiiciigffi
348 2509 418 2541 rum:
442 2499 541 2541 senatus
558 2491 624 2540 etC.
637 2490 763 2539 Fabricius
779 2491 908 2556 perfugam
925 2491 1019 2556 Pyrrho
1035 2493 1136 2544 dedidit.

99 2561 220 2609 ”musi
348 2574 389 2623 Ita
399 2589 430 2622 ne
441 2573 518 2622 hostis
530 2571 630 2636 quidem
641 2576 665 2619 et
676 2570 783 2635 potentis
794 2579 819 2620 et
829 2572 923 2621 bellum
934 2573 998 2621 ultro
1015 2573 1141 2624 inferentis
1153 2587 1182 2635 25

98 2659 223 2710 interitum
234 2673 291 2706 cum
302 2656 393 2706 scelere
404 2651 570 2718 approbavit]

159 2808 206 2862 41.
248 2789 294 2846 Ac
309 2787 346 2846 de
360 2783 471 2845 bellicis
485 2782 607 2860 quidem
621 2782 723 2843 officiis
738 2781 806 2841 satis
821 2781 998 2844 dictumest
1035 2783 1141 2843 Memi-

348 2881 476 2940 nerimus
490 2890 588 2939 autem
612 2879 701 2939 etiam
715 2879 854 2937 adversus
867 2878 984 2938 infimos
1000 2878 1140 2939 iustitiam

123 2950 204 3006 Justlce
218 2949 269 2990 isto
284 2949 311 2989 bc
846 2974 853 2986 ·
1047 2978 1053 2989 .
1070 2978 1076 2990 .

98 3001 205 3044 extentes
221 3013 274 3042 even
290 3008 311 3040 ω
348 2997 413 3038 esse
432 2976 616 3036 servandam.
658 2977 712 3035 Est
723 2986 824 3034 autem
844 2978 1140 3041 1nfimacond1t10et

97 3054 173 3118 “im
347 3079 463 3136 fortuna
482 3093 639 3145 servorum,
655 3072 761 3149 quibus
782 3091 842 3132 non
863 3074 940 3133 male
960 3074 1140 3151 praecipiunt
1153 3091 1184 3140 30

98 3175 151 3254 qui
174 3175 215 3235 ita
237 3174 338 3235 iubent
360 3172 404 3231 uti
427 3183 459 3231 ut
480 3169 698 3231 mercennariis:
718 3189 837 3246 operam
864 3169 1048 3247 exigendam,
1065 3171 1141 3232 iusta

347 3268 521 3346 praebenda.
566 3267 643 3328 Cum
663 3277 762 3325 autem
782 3267 899 3326 duobus
919 3267 1025 3341 modis,
1044 3266 1076 3328 id
1096 3279 1141 3329 est

123 3386 206 3436 Wrong
235 3397 309 3436 perpe.
346 3375 397 3422 aut
410 3362 440 3422 vi
453 3375 502 3422 aut
521 3364 632 3436 fraude,
651 3365 701 3423 fiat
719 3362 831 3437 iniuria,
847 3366 924 3424 fraus
945 3364 1029 3440 quasi
1042 3367 1140 3443 vulpe·

96 3437 167 3477 trated
204 3435 226 3475 ln
267 3443 308 3474 two
487 3461 492 3472 .
607 3460 612 3472 .
684 3461 689 3473 .
1091 3462 1098 3474 .

98 3499 131 3526 wa
146 3485 222 3534 s:-by
242 3485 310 3526 mm
347 3464 438 3535 culae,
465 3481 509 3521 vis
535 3463 629 3522 leonis
662 3462 794 3522 vrdetur:
827 3474 985 3539 utrumque
1018 3464 1139 3524 homme

97 3549 125 3579 an
149 3535 233 3576 Fraud.
377 3560 383 3571 ·
425 3559 432 3572 ·
466 3559 472 3570 ·
842 3559 847 3570 .
926 3559 933 3572 .
1068 3557 1075 3571 .

122 3585 171 3627 The
185 3591 249 3626 worst
262 3596 309 3634 spe-
347 3561 565 3632 alrenrssrmum,
600 3560 654 3619 sed
687 3561 764 3618 fraus
798 3560 869 3619 odio
903 3561 993 3637 digna
1018 3577 1135 3621 maiore.
1151 3573 1180 3621 3⁵

95 3634 186 3728 Ξᾛῖ
203 3635 309 3726 {Qui}
346 3655 451 3717 Totius
477 3666 576 3717 autem
609 3654 766 3715 iniustitiae
798 3657 879 3715 nulla
911 3653 1062 3732 capitalior
1093 3666 1138 3716 est

147 3788 176 3839 16
187 3788 245 3855 qnia
251 3796 299 3852 pro
309 3788 352 3852 qui
362 3788 403 3837 Ba
410 3787 534 3851 postlrII.
544 3784 732 3850 Heller(Plrilol.
741 3785 906 3835 Schneidewin
917 3796 959 3833 ΧΠ
964 3791 993 3849 p.
1008 3799 1054 3846 302
1065 3785 1133 3862 epp),

94 3871 138 3936 qui
152 3871 197 3931 Or,
210 3869 277 3934 quod
287 3869 425 3918 Lambinus

176 3982 235 4025 c1c.
251 3966 284 4024 le
299 3965 359 4041 Off.
1039 3979 1054 4018 2
