2670 4296
200 234 240 289 40
487 214 537 272 Dc
554 232 586 272 ea
599 220 689 289 patae
704 213 811 273 Decori
826 232 901 291 quae
917 215 960 273 od
1060 210 1089 294 [I
1103 231 1170 274 xxx
1188 235 1243 291 ¹09

200 381 285 442 dines
309 379 490 440 sunt-alios
513 379 648 439 videmus
668 378 823 440 velocitate
843 381 883 439 ad
902 400 1028 454 cursum,
1043 379 1117 440 alios
1136 379 1244 441 viribus

199 480 239 539 ad
252 479 424 537 luctandum
436 479 540 550 valere,
556 477 686 553 itemque
699 476 731 535 in
747 477 847 536 formis
861 477 924 537 aliis
946 477 1118 556 dignitatern
1137 478 1244 553 inesse,

199 575 262 636 aliis
282 585 464 635 venustatem
475 573 557 633 -sic
578 573 609 632 in
629 572 735 632 animis
755 573 883 633 existunt
906 573 1031 634 maiores
1052 574 1140 635 etiam
1156 574 1245 634 varie·

448 679 530 730 tates.
576 672 640 728 108.
678 672 748 729 Erat
766 668 797 728 in
815 671 847 729 1.
868 672 983 742 Crasse,
1001 670 1033 730 in
1051 673 1085 730 L.
1105 670 1243 747 Philippo

198 765 240 826 (ξοἲ
249 779 297 807 ”²⁶¹¹
310 765 411 806 hm·
448 769 558 827 multus
582 769 673 842 lepos,
699 765 792 825 maior
812 765 901 825 etiam
918 767 1069 844 magisque
1088 769 1127 828 de
1143 767 1243 828 indus·
1271 792 1285 840 5

199 830 256 858 nous
264 816 397 867 dispositions
405 828 410 856 :

199 866 412 968 ffiffimaggfflffaflyt
448 864 503 924 tria
523 863 553 922 in
575 865 608 924 C.
631 864 756 923 Caesare
774 864 808 921 L.
831 861 911 921 filio:
939 873 970 922 at
990 861 1084 923 isdem
1105 862 1244 939 tempori·

198 967 353 1068 gildewif
368 945 411 1058 ag}
448 962 504 1022 bus
524 960 555 1019 in
577 962 619 1018 M.
636 961 746 1020 Scauro
767 969 796 1018 et
818 958 848 1017 in
870 961 912 1018 M.
936 962 1033 1020 Druso
1054 961 1245 1024 adulescente

199 1067 256 1118 like),
450 1058 601 1136 singularis
628 1058 773 1130 severitas,
801 1057 833 1116 in
861 1059 894 1119 C.
925 1058 1026 1118 Laelio
1054 1061 1147 1118 multa
1173 1060 1244 1118 hila-

447 1152 523 1224 ritas,
546 1150 577 1209 in
598 1149 660 1210 eius
681 1148 813 1209 familiari
832 1149 970 1226 Scipione
991 1149 1113 1210 ambitio
1140 1150 1241 1224 maior,

197 1246 258 1307 vita
284 1245 397 1307 tristior.
442 1249 490 1306 De
506 1245 637 1306 ⁰Graecis
670 1256 769 1305 autem
797 1246 915 1306 dulcem
943 1256 973 1306 et
1006 1247 1135 1306 facetum
1165 1247 1242 1307 sesti·
1256 1265 1285 1300 10

197 1344 285 1422 vique
312 1344 453 1405 sermonis
481 1355 569 1420 atque
596 1343 627 1402 in
655 1343 737 1402 omni
764 1343 895 1403 oratione
921 1343 1127 1418 simulatorem,
1153 1364 1242 1421 quem

199 1443 295 1518 εἴρωνα
313 1442 418 1503 Graeci
439 1442 636 1514 nominarunt,
651 1443 801 1502 Socratem
822 1441 1117 1518 accepimustcontra
1137 1445 1243 1520 Pytha·

197 1559 298 1617 goram
312 1551 342 1599 et
357 1537 500 1599 Periclem
520 1557 666 1597 summam
685 1536 888 1597 auctoritatem
907 1549 1082 1598 consecutos
1100 1538 1163 1598 sine
1182 1540 1243 1599 ulla

198 1635 348 1695 hilaritate.
403 1635 550 1696 Callidum
579 1633 780 1694 Hannibalem
807 1654 845 1694 ex
872 1637 1048 1709 Poenorum,
1071 1655 1109 1695 ex
1135 1636 1241 1696 nostris

198 1728 321 1789 ducibus
347 1731 382 1805 Q.
403 1729 569 1789 Maximum
588 1728 756 1805 accepimus
801 1729 885 1789 facile
911 1732 1005 1791 celare
1035 1742 1140 1805 tacere,
1160 1732 1241 1793 dissi·
1254 1753 1282 1801 15

196 1827 308 1885 mulare
339 1825 477 1898 insidiari,
501 1825 664 1902 praeripere
682 1824 812 1885 hostium
828 1825 957 1886 consilia
1001 1829 1038 1886 In
1057 1846 1116 1904 quo
1134 1847 1241 1904 genere

198 1921 303 1981 Graeci
317 1921 548 1981 Themistoclem
559 1933 588 1981 et
604 1923 767 1981 Pheraeum
782 1923 920 1982 Iasonem
931 1923 1034 1984 ceteris
1048 1935 1239 2000 anteponunt,

195 2019 227 2079 in
251 2018 409 2095 primisque
433 2030 581 2079 versutum
600 2030 630 2079 et
651 2018 923 2098 callidumsactum
946 2020 1070 2094 Solonis,
1096 2021 1154 2098 qui,
1180 2041 1240 2100 quo

196 2127 227 2178 et
240 2116 328 2176 tutior
340 2116 400 2176 vita
413 2117 476 2177 eius
494 2128 571 2178 esset
586 2129 615 2176 et
628 2119 693 2194 plus
708 2117 858 2193 aliquanto
871 2117 913 2178 rei
931 2118 1065 2195 publicae
1078 2121 1239 2196 prodesset,

196 2216 291 2274 furere
318 2233 349 2274 se
377 2214 529 2274 simulavit
583 2234 647 2291 109.
697 2215 771 2274 Sunt
797 2213 843 2274 his
870 2215 919 2274 alii
946 2218 1070 2275 multum
1098 2217 1236 2294 dispares,
1251 2248 1282 2283 20

194 2311 344 2388 simplices
357 2323 387 2372 et
400 2310 500 2389 aperti,
516 2311 567 2388 qui
586 2311 659 2370 nihil
679 2331 716 2371 ex
734 2314 859 2384 occulto,
875 2312 948 2371 nihil
967 2314 1004 2373 de
1021 2312 1133 2373 insidiis
1152 2334 1238 2392 agen-

196 2410 269 2493 dum
283 2420 394 2486 putant,
410 2409 537 2469 veritatis
551 2411 685 2482 cultores,
701 2409 808 2468 fraudis
823 2409 951 2484 inimici;
971 2408 1102 2488 itemque
1116 2411 1173 2485 alii,
1185 2411 1236 2488 qui

182 2507 310 2584 quidvis
330 2506 534 2584 perpetiantur,
557 2507 647 2566 cuivis
669 2507 841 2579 deserviant,
863 2509 935 2568 dum
956 2510 1038 2584 quod
1057 2509 1148 2569 velint
1168 2528 1237 2569 con-

193 2615 360 2680 sequantur,
388 2615 420 2663 ut
448 2606 558 2663 Sullam
585 2614 614 2663 et
643 2606 685 2663 M.
716 2605 853 2664 Crassum
879 2604 1058 2665 videbamus.
1102 2607 1170 2682 Quo
1204 2606 1236 2666 in

192 2720 299 2778 genere
321 2700 552 2762 versutissimum
574 2712 604 2761 et
624 2701 869 2777 patientissimum
890 2703 1158 2763 Lacedaemonium
1180 2705 1236 2782 Ly·
1248 2728 1278 2777 25

192 2789 332 2858 sandrum
359 2797 534 2874 acc'epimu's,
562 2809 723 2874 contraque
747 2798 972 2871 Callicratidam,
996 2798 1046 2876 qui
1072 2801 1235 2876 praefectus

191 2895 291 2956 classis
304 2894 453 2974 proximus
467 2907 534 2973 post
548 2898 732 2973 Lysandrum
746 2895 807 2957 fuit.
851 2898 987 2973 Itemque
1007 2897 1038 2956 in
1052 2897 1235 2958 sermonibus

191 2992 290 3065 alium,
309 2993 442 3070 quamvis
461 3004 635 3070 praepotens
656 2993 702 3066 sit,
717 2994 832 3053 efficere
852 3004 885 3052 ut
901 3013 977 3053 unus
996 2994 1034 3054 de
1052 2993 1151 3055 multis
1169 3013 1234 3056 esse

189 3088 331 3164 videatur,
351 3091 435 3168 quod
460 3090 491 3150 in
504 3101 506 3104 ‘
520 3091 634 3163 Catulo,
657 3100 686 3150 et
707 3089 737 3147 in
758 3101 839 3166 patre
859 3100 889 3149 et
909 3089 940 3148 in
961 3089 1030 3163 filio,
1043 3089 1182 3168 idemque
1202 3089 1234 3150 in

192 3186 229 3261 Q.
254 3186 357 3249 Mucio
381 3186 504 3248 Mancia
525 3186 659 3247 vidimus.
702 3186 811 3246 Audivi
833 3206 870 3246 ex
893 3186 1051 3247 maioribus
1073 3199 1153 3263 natu,
1175 3189 1234 3250 hoc
1246 3211 1278 3260 3⁰

189 3280 271 3343 idem
297 3282 385 3344 fuisse
408 3281 439 3343 in
462 3285 493 3342 P.
524 3282 661 3358 Scipione
687 3282 804 3355 Nasica,
832 3294 993 3359 contraque
1019 3295 1132 3360 patrem
1159 3285 1231 3362 eius,

189 3377 273 3436 illum
287 3377 337 3454 qui
351 3376 396 3436 Ti.
413 3377 539 3438 Gracchi
553 3389 675 3438 conatus
691 3378 822 3454 perditos
835 3378 1001 3454 vindicavit,
1017 3383 1129 3440 nullum
1143 3383 1233 3444 comi-

163 3511 168 3521 .
184 3481 279 3531 'tatem
293 3471 429 3532 habuisse
443 3472 593 3546 sermonis,
604 3471 654 3553 [ne
667 3476 864 3534 Xenocratem
877 3475 1007 3551 quidem,
1018 3477 1231 3539 severissimum

188 3564 454 3647 philosophorum]
480 3569 520 3629 ob
547 3589 672 3646 eamque
699 3589 760 3629 rem
787 3569 881 3646 ipsam
904 3590 1043 3648 magnum
1067 3587 1097 3634 et
1120 3577 1230 3639 clarum

186 3694 189 3699 Ι
240 3719 270 3771 16
285 3721 426 3786 praecipere
440 3722 477 3772 Or
516 3727 525 3781 ΙΙ
567 3727 598 3774 28
615 3725 731 3789 aliquem,
746 3726 858 3791 quamvis
869 3727 909 3775 Ba
919 3733 1016 3778 auctore
1024 3730 1139 3791 Pearcio,·
1154 3733 1230 3782 alium

187 3813 310 3866 quemque
325 3803 438 3866 quamvls
452 3803 517 3852 codd.
525 3819 537 3862 ,·
552 3805 636 3864 alium,
654 3806 766 3869 quamvis
776 3808 815 3866 ἢ·
830 3806 906 3856 alium
921 3823 1003 3872 quern,
1020 3811 1133 3874 quamvis
1146 3813 1184 3863 Or
1216 3817 1226 3870 ll

189 3895 220 3946 ²9
234 3881 350 3945 idemque
365 3882 392 3931 in
408 3883 442 3946 Q.
459 3883 552 3942 Mucio,
569 3884 596 3933 in
612 3886 712 3935 Mancia
728 3886 835 3936 vidimus
854 3889 938 3952 Unger
950 3890 991 3938 Lu
1016 3894 1026 3948 ΙΙ
1055 3905 1085 3955 33
1104 3894 1175 3942 verbo
1196 3908 1230 3943 ne
