2670 4296
120 226 153 285 II
167 241 245 287 xxiv
258 221 310 305 84]
503 244 577 302 quae
594 233 677 303 ope'ra
687 225 751 302 fia!
1123 248 1160 304 qr

53 379 55 382 ’
116 391 356 453 constituendam
378 393 512 468 pecunia,
535 393 753 454 Alexandream
773 412 805 453 se
826 393 971 470 proficisci
991 397 1066 456 velle
1087 395 1161 458 dixit

54 474 60 483 ’
118 510 240 566 remque
254 490 396 568 integram
410 491 449 550 ad
468 489 595 550 reditum
610 509 697 549 suum
711 489 795 550 iussit
809 509 882 550 esse.
926 494 1017 567 Isque
1031 491 1162 553 celeriter

119 587 159 645 ad
179 588 382 646 Ptolemaeum
397 606 485 646 suurn
505 585 653 662 hospitem
674 585 764 660 venit,
779 586 831 662 qui
851 573 916 647 tum
936 581 1080 665 regnabat
1088 588 1161 651 alter

119 694 187 760 post
206 683 423 742 Alexandream
444 681 604 742 conditam.
647 681 705 744 Cui
733 700 802 741 cum
829 682 1012 759 exposuisset
1037 686 1160 762 patriam

119 797 151 838 se
175 778 296 839 liberare
320 780 395 838 velle
420 797 600 854 causamque
625 777 784 850 docuisset,
809 798 828 838 a
854 798 921 856 rege
949 781 1091 856 opulento
1117 783 1160 842 vir
1189 809 1203 859 5

118 895 251 936 summus
265 875 350 936 facile
364 874 530 951 impetravit
543 886 577 935 ut
589 874 693 951 grandi
706 875 834 952 pecunia
847 875 1036 938 adiuvaretur.
1060 879 1158 953 Quam

118 989 187 1030 cum
207 971 363 1049 Sicyonem
384 970 537 1043 attulisset,
553 969 688 1031 adhibuit
701 970 758 1031 sibi
771 970 803 1030 in
817 970 973 1031 consilium
987 972 1158 1050 quindecim

108 1067 271 1152 principes,
294 1086 363 1126 cum
384 1066 492 1142 quibus
516 1084 620 1126 causas
643 1066 783 1144 cognovit
807 1077 837 1127 et
861 1085 972 1144 eorum,
988 1067 1040 1146 qui
1062 1071 1158 1134 aliena

118 1163 265 1237 tenebant,
279 1173 309 1223 et
331 1181 440 1234 eorum,
452 1161 503 1239 qui
517 1182 570 1221 sua
583 1161 748 1235 amiserant,
763 1162 944 1240 perfecitque
957 1169 1157 1228 aestumandis

116 1259 360 1334 possessionibus,
375 1268 408 1317 ut
425 1259 614 1335 persuaderet
632 1257 704 1331 aliis,
720 1268 754 1316 ut
770 1259 929 1335 pecuniam
942 1260 1075 1338 accipere
1088 1267 1157 1323 mal·
1173 1289 1203 1323 ιο

116 1357 186 1428 lent,
214 1355 449 1434 possessionibus
477 1356 625 1426 cederent,
653 1354 718 1414 aliis
745 1366 778 1415 ut
805 1356 992 1416 commodius
1019 1369 1155 1435 putarent

116 1452 262 1515 numerari
283 1453 347 1526 sibi,
362 1453 445 1529 quod
467 1451 540 1511 tanti
562 1461 647 1524 esset,
668 1471 758 1527 quam
779 1471 867 1510 suum
888 1472 1066 1530 recuperare.
1109 1460 1122 1517 l
1128 1470 1157 1517 ta

115 1536 277 1627 persdctum
304 1560 348 1610 est
375 1560 408 1609 ut
432 1568 535 1608 omnes
563 1548 722 1609 concordia
749 1549 910 1610 constituta
936 1549 1000 1613 sine
1027 1557 1156 1630 querella

115 1647 308 1708 discederent
351 1648 398 1722 83.
441 1647 468 1706 Ο
496 1645 591 1704 virum
617 1664 758 1722 magnum
785 1644 976 1722 dignumque,
1000 1648 1051 1724 qui
1071 1648 1154 1711 inre

114 1744 233 1821 publica
246 1755 346 1803 nostra
359 1753 445 1802 natus
459 1746 550 1802 esset!
578 1741 626 1802 Sic
639 1761 691 1818 par
704 1754 749 1802 est
763 1761 849 1818 agere
863 1762 932 1802 cum
946 1743 1069 1818 civibus,
1084 1766 1152 1819 non,
1171 1766 1198 1816 ¹5

113 1851 147 1898 ut
160 1839 206 1900 bis
216 1839 274 1899 iam
288 1837 424 1910 vidimus,
439 1839 555 1897 hastam
574 1836 605 1900 in
624 1839 687 1896 soro
705 1855 816 1913 ponere
831 1848 860 1897 et
874 1838 954 1898 bona
967 1837 1075 1898 civium
1089 1843 1155 1901 voci

114 1936 245 1997 subicere
273 1935 434 2013 praeconis.
476 1937 519 1994 At
544 1934 593 1995 ille
622 1936 761 2008 Graecus,
784 1933 816 1994 id
837 1936 920 2012 quod
940 1934 995 1995 fuit
1015 1937 1154 2014 sapientis

113 2044 143 2093 et
169 2033 343 2111 praestantis
367 2032 429 2105 viri,
456 2031 594 2091 omnihus
616 2032 831 2090 consulendum
851 2031 972 2108 putavit,
995 2051 1089 2110 eaque
1109 2050 1154 2094 est

113 2158 229 2198 summa
251 2138 325 2197 ratio
350 2147 380 2196 et
403 2135 548 2212 sapientia
571 2133 642 2194 boni
666 2134 745 2208 civis,
771 2135 930 2194 commoda
956 2135 1066 2195 civium
1092 2156 1152 2196 non

113 2235 251 2297 divellere
272 2246 362 2311 atque
385 2222 489 2294 omnes
511 2232 660 2309 aequitate
681 2232 793 2314 eadem¹
806 2231 964 2293 continere.
1008 2234 1154 2294 Habitent
1167 2253 1198 2287 ιο

112 2333 199 2411 gratis
217 2333 249 2391 in
267 2331 372 2392 alieno.
416 2329 498 2405 Quid
513 2329 571 2389 ita?
622 2338 662 2400 ut,
679 2347 747 2387 cum
761 2346 817 2403 ego
832 2328 953 2387 emerim
967 2329 1153 2408 aedificarim,

112 2440 194 2491 tuear
207 2428 386 2505 impendam,
402 2436 434 2485 tu
448 2445 496 2486 me
511 2424 602 2485 invito
616 2426 711 2485 fruare
728 2426 816 2484 meo?
843 2424 924 2499 Quid
938 2435 982 2485 est
995 2424 1076 2485 aliud
1089 2426 1153 2486 aliis

112 2546 166 2587 sua
179 2527 298 2603 eripere,
313 2523 377 2583 aliis
391 2524 461 2582 dare
475 2521 589 2582 aliena?

135 2683 321 2726 Actssonheabo.
423 2624 469 2693 84.
512 2621 645 2679 Tabulae
658 2639 728 2680 vero
747 2639 844 2680 novae
860 2619 933 2696 quid
947 2621 1059 2681 habent
1071 2641 1153 2699 argu-

111 2733 327 2824 rtttonoqaestssgtrqg
363 2717 465 2789 menti,
480 2716 536 2776 nisi
556 2729 589 2776 ut
606 2737 687 2777 emas
705 2736 772 2776 mea
790 2716 916 2793 pecunia
933 2717 1068 2790 fundum,
1083 2738 1151 2781 eum
1166 2739 1194 2791 ²5

111 2799 134 2826 so
143 2798 266 2834 pernicibus,
279 2799 285 2824 ι
304 2798 321 2823 rs

10 2830 96 2879 XXIV
111 2834 322 2885 oneuutyosagooa
359 2823 392 2872 tu
406 2812 524 2885 habeas,
539 2831 595 2888 ego
609 2831 671 2870 non
689 2813 817 2871 habeam
834 2811 1011 2888 pecuniam?
1052 2813 1150 2887 Quam

111 2887 325 2983 lell‘lsslrswsllig
362 2910 488 2969 obrem
510 2929 548 2969 ne
571 2908 608 2969 sit
629 2928 679 2969 aes
700 2910 837 2982 alienum,
853 2911 934 2986 quod
955 2910 997 2970 rei
1016 2910 1152 2987 publicae
1201 2909 1203 2913 ’

111 2984 324 3086 ζῗξξξξῗξᾶἔζωζζῗ
361 3017 476 3078 noceat,
500 3005 715 3082 providendum
738 3016 790 3078 est,
812 3007 895 3082 quod
916 3007 1015 3068 multis
1036 3009 1152 3071 rationi-

111 3086 264 3138 l⁰b¹³⁶⁸²f⁰‘l·
360 3102 416 3161 bus
438 3102 534 3162 caveri
555 3112 661 3178 potest,
680 3121 751 3175 non,
771 3101 796 3161 si
817 3101 913 3175 suerit,
935 3113 969 3163 ut
990 3106 1151 3183 locupletes

111 3221 198 3262 suum
220 3202 354 3278 perdant,
382 3200 529 3260 debitores
551 3201 700 3260 lucrentur
723 3200 860 3261 alienum.
903 3203 970 3262 Nec
991 3203 1071 3263 enim
1092 3206 1149 3264 ulla
1163 3230 1195 3277 3²

110 3318 156 3359 res
174 3296 378 3357 vehementius
397 3315 459 3356 rem
480 3295 630 3373 publicam
644 3295 777 3356 continet
796 3314 884 3372 quam
898 3299 980 3372 fides,
997 3317 1072 3375 quae
1086 3319 1150 3361 esse

110 3395 191 3453 nulla
214 3401 320 3469 potest,
349 3390 406 3451 nisi
433 3390 487 3450 erit
514 3390 678 3451 necessaria
705 3391 812 3451 solutio
839 3411 937 3452 rerum
964 3393 1146 3454 creditarum.

360 3489 523 3565 Nunquam
549 3487 753 3548 vehementius
780 3499 880 3549 actum
907 3499 954 3550 est
981 3509 1071 3567 quam
1100 3511 1149 3551 me

108 3566 323 3668 dess‘ssss‘fly‘ssioess'of
359 3586 479 3644 consule
493 3604 531 3645 ne
546 3584 712 3645 solveretur.
734 3584 832 3644 Armis
848 3595 879 3645 et
892 3586 993 3646 castris
1007 3598 1150 3664 temptata

108 3668 321 3762 {lhfflgflimy
359 3700 404 3740 res
429 3691 473 3740 est
498 3683 536 3740 ab
560 3680 642 3741 omni
665 3699 771 3758 genere
795 3681 950 3742 hominum
974 3694 1004 3743 et
1028 3683 1147 3756 ordine:
1162 3703 1191 3758 35

360 3779 465 3856 quibus
487 3778 528 3838 ita
548 3767 648 3850 restiti,
673 3788 707 3837 ut
729 3778 788 3838 hoc
809 3788 903 3839 totum
926 3781 1036 3840 malum
1057 3781 1097 3842 de
1116 3766 1150 3842 re

108 3878 227 3961 publica
246 3878 404 3938 tolleretur.
448 3876 622 3954 Numquam
639 3893 697 3942 nec
710 3873 804 3934 maius
818 3893 868 3936 aes
882 3874 1011 3936 alienum
1024 3875 1078 3939 suit
1091 3894 1268 3992 nq-
