<?xml version="1.0" encoding="UTF-8"?>
<!DOCTYPE html PUBLIC "-//W3C//DTD XHTML 1.0 Transitional//EN"
    "http://www.w3.org/TR/xhtml1/DTD/xhtml1-transitional.dtd">
<html xmlns="http://www.w3.org/1999/xhtml" xml:lang="en" lang="en">
 <head>
  <title>
</title>
<meta http-equiv="Content-Type" content="text/html;charset=utf-8" />
  <meta name='ocr-system' content='tesseract 3.04.00' />
  <meta name='ocr-capabilities' content='ocr_page ocr_carea ocr_par ocr_line ocrx_word'/>
</head>
<body>
  <div class='ocr_page' id='page_1' title='image "./mtciceronisdeof00cicegoog_0189.png"; bbox 0 0 2670 4296; ppageno 0'>
   <div class='ocr_carea' id='block_1_1' title="bbox 141 209 1181 305">
    <p class='ocr_par' dir='ltr' id='par_1_1' title="bbox 141 209 1181 305">
     <span class='ocr_line' id='line_1_1' title="bbox 141 209 1181 305; baseline 0.002 -34"><span class='ocrx_word' id='word_1_1' title='bbox 141 213 200 285; x_wconf 82' lang='lat'>138</span> <span class='ocrx_word' id='word_1_2' title='bbox 335 212 411 305; x_wconf 30' lang='lat' dir='ltr'>“De</span> <span class='ocrx_word' id='word_1_3' title='bbox 427 212 594 272; x_wconf 77' lang='lat' dir='ltr'><em>contentione</em></span> <span class='ocrx_word' id='word_1_4' title='bbox 611 212 739 271; x_wconf 79' lang='lat' dir='ltr'><em>Honesti</em></span> <span class='ocrx_word' id='word_1_5' title='bbox 753 217 780 270; x_wconf 80' lang='lat' dir='ltr'>et</span> <span class='ocrx_word' id='word_1_6' title='bbox 807 212 895 272; x_wconf 74' lang='lat' dir='ltr'>cnon</span> <span class='ocrx_word' id='word_1_7' title='bbox 933 209 1181 294; x_wconf 84' lang='lat' dir='ltr'>[IIIxxx111118</span> 
     </span>
    </p>
   </div>
   <div class='ocr_carea' id='block_1_2' title="bbox 88 379 1235 3578">
    <p class='ocr_par' dir='ltr' id='par_1_2' title="bbox 88 379 1235 3547">
     <span class='ocr_line' id='line_1_2' title="bbox 392 379 1186 457; baseline 0.008 -18"><span class='ocrx_word' id='word_1_8' title='bbox 392 382 485 440; x_wconf 91' lang='lat' dir='ltr'>multa</span> <span class='ocrx_word' id='word_1_9' title='bbox 505 379 605 439; x_wconf 92' lang='lat' dir='ltr'>multis</span> <span class='ocrx_word' id='word_1_10' title='bbox 626 380 708 453; x_wconf 89' lang='lat' dir='ltr'>locis,</span> <span class='ocrx_word' id='word_1_11' title='bbox 731 382 784 441; x_wconf 92' lang='lat' dir='ltr'>sed</span> <span class='ocrx_word' id='word_1_12' title='bbox 808 387 886 457; x_wconf 87' lang='lat' dir='ltr'>aqua</span> <span class='ocrx_word' id='word_1_13' title='bbox 907 382 1016 455; x_wconf 84' lang='lat' dir='ltr'>haeret,</span> <span class='ocrx_word' id='word_1_14' title='bbox 1036 393 1069 444; x_wconf 91' lang='lat' dir='ltr'>ut</span> <span class='ocrx_word' id='word_1_15' title='bbox 1093 383 1186 445; x_wconf 89' lang='lat' dir='ltr'>aiunt.</span> 
     </span>
     <span class='ocr_line' id='line_1_3' title="bbox 166 471 1188 565; baseline 0.007 -30"><span class='ocrx_word' id='word_1_16' title='bbox 166 485 186 527; x_wconf 50' lang='grc' dir='ltr'><strong>ὅ</strong></span> <span class='ocrx_word' id='word_1_17' title='bbox 210 471 312 565; x_wconf 53' lang='lat'>33⁹⁰*</span> <span class='ocrx_word' id='word_1_18' title='bbox 333 480 348 518; x_wconf 68' lang='grc' dir='ltr'>ἕ</span> <span class='ocrx_word' id='word_1_19' title='bbox 392 479 472 536; x_wconf 89' lang='lat' dir='ltr'>Nam</span> <span class='ocrx_word' id='word_1_20' title='bbox 486 477 537 554; x_wconf 92' lang='lat' dir='ltr'>qui</span> <span class='ocrx_word' id='word_1_21' title='bbox 550 489 648 555; x_wconf 91' lang='lat' dir='ltr'>potest</span> <span class='ocrx_word' id='word_1_22' title='bbox 662 477 932 554; x_wconf 87' lang='lat' dir='ltr'>temperantiam</span> <span class='ocrx_word' id='word_1_23' title='bbox 952 480 1072 540; x_wconf 82' lang='lat' dir='ltr'>laudare</span> <span class='ocrx_word' id='word_1_24' title='bbox 1087 479 1121 556; x_wconf 87' lang='lat' dir='ltr'>is,</span> <span class='ocrx_word' id='word_1_25' title='bbox 1136 481 1188 558; x_wconf 90' lang='lat' dir='ltr'>qni</span> 
     </span>
     <span class='ocr_line' id='line_1_4' title="bbox 393 575 1189 651; baseline 0.004 -17"><span class='ocrx_word' id='word_1_26' title='bbox 393 587 485 651; x_wconf 90' lang='lat' dir='ltr'>ponat</span> <span class='ocrx_word' id='word_1_27' title='bbox 499 594 647 634; x_wconf 91' lang='lat' dir='ltr'>summum</span> <span class='ocrx_word' id='word_1_28' title='bbox 660 575 772 636; x_wconf 89' lang='lat' dir='ltr'>bonum</span> <span class='ocrx_word' id='word_1_29' title='bbox 782 575 812 634; x_wconf 92' lang='lat' dir='ltr'>in</span> <span class='ocrx_word' id='word_1_30' title='bbox 826 577 998 651; x_wconf 89' lang='lat' dir='ltr'>voluptate?</span> <span class='ocrx_word' id='word_1_31' title='bbox 1040 579 1093 636; x_wconf 90' lang='lat' dir='ltr'>Est</span> <span class='ocrx_word' id='word_1_32' title='bbox 1108 577 1189 637; x_wconf 90' lang='lat' dir='ltr'>enim</span> 
     </span>
     <span class='ocr_line' id='line_1_5' title="bbox 141 670 1190 748; baseline -0.001 -15"><span class='ocrx_word' id='word_1_33' title='bbox 141 670 336 748; x_wconf 82' lang='lat' dir='ltr'>temperantia</span> <span class='ocrx_word' id='word_1_34' title='bbox 361 671 519 731; x_wconf 90' lang='lat' dir='ltr'>libidinum</span> <span class='ocrx_word' id='word_1_35' title='bbox 552 671 679 738; x_wconf 87' lang='lat' dir='ltr'>inimica,</span> <span class='ocrx_word' id='word_1_36' title='bbox 707 671 845 732; x_wconf 83' lang='lat' dir='ltr'>libidines</span> <span class='ocrx_word' id='word_1_37' title='bbox 873 682 973 732; x_wconf 88' lang='lat' dir='ltr'>autem</span> <span class='ocrx_word' id='word_1_38' title='bbox 1001 673 1190 734; x_wconf 88' lang='lat' dir='ltr'>consectatri-</span> 
     </span>
     <span class='ocr_line' id='line_1_6' title="bbox 141 755 1235 847; baseline 0.003 -20"><span class='ocrx_word' id='word_1_39' title='bbox 141 787 190 828; x_wconf 90' lang='lat' dir='ltr'>ces</span> <span class='ocrx_word' id='word_1_40' title='bbox 218 767 382 844; x_wconf 90' lang='lat' dir='ltr'>voluptatis.</span> <span class='ocrx_word' id='word_1_41' title='bbox 429 771 493 828; x_wconf 91' lang='lat'>118.</span> <span class='ocrx_word' id='word_1_42' title='bbox 523 771 624 845; x_wconf 90' lang='lat' dir='ltr'>Atque</span> <span class='ocrx_word' id='word_1_43' title='bbox 651 768 682 827; x_wconf 92' lang='lat' dir='ltr'>in</span> <span class='ocrx_word' id='word_1_44' title='bbox 709 767 756 828; x_wconf 93' lang='lat' dir='ltr'>his</span> <span class='ocrx_word' id='word_1_45' title='bbox 783 779 884 828; x_wconf 88' lang='lat' dir='ltr'>tamen</span> <span class='ocrx_word' id='word_1_46' title='bbox 913 769 1005 828; x_wconf 86' lang='lat' dir='ltr'>tribus</span> <span class='ocrx_word' id='word_1_47' title='bbox 1028 755 1186 847; x_wconf 83' lang='lat' dir='ltr'>generibus</span> <span class='ocrx_word' id='word_1_48' title='bbox 1220 791 1235 841; x_wconf 79' lang='lat'>5</span> 
     </span>
     <span class='ocr_line' id='line_1_7' title="bbox 140 864 1191 941; baseline 0.005 -18"><span class='ocrx_word' id='word_1_49' title='bbox 140 870 263 941; x_wconf 82' lang='lat' dir='ltr'>quoquo</span> <span class='ocrx_word' id='word_1_50' title='bbox 297 866 389 924; x_wconf 91' lang='lat' dir='ltr'>modo</span> <span class='ocrx_word' id='word_1_51' title='bbox 423 876 547 941; x_wconf 90' lang='lat' dir='ltr'>possunt</span> <span class='ocrx_word' id='word_1_52' title='bbox 574 884 635 924; x_wconf 92' lang='lat' dir='ltr'>non</span> <span class='ocrx_word' id='word_1_53' title='bbox 663 864 800 925; x_wconf 89' lang='lat' dir='ltr'>incallide</span> <span class='ocrx_word' id='word_1_54' title='bbox 828 865 1086 941; x_wconf 66' lang='lat' dir='ltr'>tergiversantur·</span> <span class='ocrx_word' id='word_1_55' title='bbox 1121 870 1191 928; x_wconf 88' lang='lat' dir='ltr'>Pru·</span> 
     </span>
     <span class='ocr_line' id='line_1_8' title="bbox 140 960 1190 1040; baseline 0.005 -19"><span class='ocrx_word' id='word_1_56' title='bbox 140 960 272 1021; x_wconf 88' lang='lat' dir='ltr'>dentiam</span> <span class='ocrx_word' id='word_1_57' title='bbox 293 960 484 1021; x_wconf 88' lang='lat' dir='ltr'>introducunt</span> <span class='ocrx_word' id='word_1_58' title='bbox 504 961 657 1021; x_wconf 89' lang='lat' dir='ltr'>scientiam</span> <span class='ocrx_word' id='word_1_59' title='bbox 679 961 919 1039; x_wconf 86' lang='lat' dir='ltr'>suppeditantem</span> <span class='ocrx_word' id='word_1_60' title='bbox 944 965 1118 1040; x_wconf 84' lang='lat' dir='ltr'>voluptates,</span> <span class='ocrx_word' id='word_1_61' title='bbox 1140 965 1190 1025; x_wconf 85' lang='lat' dir='ltr'>de·</span> 
     </span>
     <span class='ocr_line' id='line_1_9' title="bbox 140 1056 1191 1134; baseline 0.004 -18"><span class='ocrx_word' id='word_1_62' title='bbox 140 1058 301 1134; x_wconf 89' lang='lat' dir='ltr'>pellentem</span> <span class='ocrx_word' id='word_1_63' title='bbox 328 1058 453 1116; x_wconf 74' lang='lat' dir='ltr'>doloreS.</span> <span class='ocrx_word' id='word_1_64' title='bbox 501 1056 717 1116; x_wconf 87' lang='lat' dir='ltr'>Fortitudinem</span> <span class='ocrx_word' id='word_1_65' title='bbox 744 1076 865 1133; x_wconf 89' lang='lat' dir='ltr'>quoque</span> <span class='ocrx_word' id='word_1_66' title='bbox 892 1056 992 1134; x_wconf 89' lang='lat' dir='ltr'>aliquo</span> <span class='ocrx_word' id='word_1_67' title='bbox 1020 1060 1123 1126; x_wconf 78' lang='lat' dir='ltr'>modo</span> <span class='ocrx_word' id='word_1_68' title='bbox 1141 1078 1191 1120; x_wconf 88' lang='lat' dir='ltr'>ex·</span> 
     </span>
     <span class='ocr_line' id='line_1_10' title="bbox 136 1151 1191 1232; baseline 0.007 -23"><span class='ocrx_word' id='word_1_69' title='bbox 136 1151 272 1228; x_wconf 83' lang='lat' dir='ltr'>pediam,</span> <span class='ocrx_word' id='word_1_70' title='bbox 302 1171 370 1211; x_wconf 90' lang='lat' dir='ltr'>cum</span> <span class='ocrx_word' id='word_1_71' title='bbox 397 1152 516 1212; x_wconf 89' lang='lat' dir='ltr'>tradunt</span> <span class='ocrx_word' id='word_1_72' title='bbox 542 1152 686 1211; x_wconf 88' lang='lat' dir='ltr'>rationem</span> <span class='ocrx_word' id='word_1_73' title='bbox 721 1153 920 1229; x_wconf 84' lang='lat' dir='ltr'>neglegendae</span> <span class='ocrx_word' id='word_1_74' title='bbox 948 1153 1059 1227; x_wconf 91' lang='lat' dir='ltr'>mortis,</span> <span class='ocrx_word' id='word_1_75' title='bbox 1088 1173 1191 1232; x_wconf 90' lang='lat' dir='ltr'>perpe·</span> 
     </span>
     <span class='ocr_line' id='line_1_11' title="bbox 135 1247 1235 1325; baseline 0.004 -19"><span class='ocrx_word' id='word_1_76' title='bbox 135 1247 235 1307; x_wconf 89' lang='lat' dir='ltr'>tiendi</span> <span class='ocrx_word' id='word_1_77' title='bbox 253 1249 371 1309; x_wconf 92' lang='lat' dir='ltr'>doloris.</span> <span class='ocrx_word' id='word_1_78' title='bbox 416 1249 513 1308; x_wconf 87' lang='lat' dir='ltr'>Etiam</span> <span class='ocrx_word' id='word_1_79' title='bbox 537 1248 762 1325; x_wconf 90' lang='lat' dir='ltr'>temperantiam</span> <span class='ocrx_word' id='word_1_80' title='bbox 789 1249 934 1310; x_wconf 90' lang='lat' dir='ltr'>inducunt</span> <span class='ocrx_word' id='word_1_81' title='bbox 961 1269 1023 1310; x_wconf 91' lang='lat' dir='ltr'>non</span> <span class='ocrx_word' id='word_1_82' title='bbox 1050 1251 1188 1312; x_wconf 83' lang='lat' dir='ltr'>facillime</span> <span class='ocrx_word' id='word_1_83' title='bbox 1205 1273 1235 1310; x_wconf 89' lang='lat'>10</span> 
     </span>
     <span class='ocr_line' id='line_1_12' title="bbox 141 1345 1189 1423; baseline 0.004 -19"><span class='ocrx_word' id='word_1_84' title='bbox 141 1345 183 1405; x_wconf 95' lang='lat' dir='ltr'>illi</span> <span class='ocrx_word' id='word_1_85' title='bbox 203 1345 335 1423; x_wconf 88' lang='lat' dir='ltr'>quidem,</span> <span class='ocrx_word' id='word_1_86' title='bbox 355 1349 408 1407; x_wconf 89' lang='lat' dir='ltr'>sed</span> <span class='ocrx_word' id='word_1_87' title='bbox 429 1357 529 1406; x_wconf 88' lang='lat' dir='ltr'>tamen</span> <span class='ocrx_word' id='word_1_88' title='bbox 547 1365 669 1423; x_wconf 88' lang='lat' dir='ltr'>quoquo</span> <span class='ocrx_word' id='word_1_89' title='bbox 686 1346 778 1405; x_wconf 92' lang='lat' dir='ltr'>modo</span> <span class='ocrx_word' id='word_1_90' title='bbox 799 1357 931 1422; x_wconf 90' lang='lat' dir='ltr'>possunt.</span> <span class='ocrx_word' id='word_1_91' title='bbox 976 1345 1090 1407; x_wconf 87' lang='lat' dir='ltr'>Dicunt</span> <span class='ocrx_word' id='word_1_92' title='bbox 1103 1347 1189 1408; x_wconf 78' lang='lat' dir='ltr'>enim</span> 
     </span>
     <span class='ocr_line' id='line_1_13' title="bbox 139 1443 1189 1524; baseline 0.003 -20"><span class='ocrx_word' id='word_1_93' title='bbox 139 1446 299 1521; x_wconf 90' lang='lat' dir='ltr'>voluptatis</span> <span class='ocrx_word' id='word_1_94' title='bbox 315 1445 550 1524; x_wconf 85' lang='lat' dir='ltr'>magnitudinem</span> <span class='ocrx_word' id='word_1_95' title='bbox 571 1445 682 1506; x_wconf 91' lang='lat' dir='ltr'>doloris</span> <span class='ocrx_word' id='word_1_96' title='bbox 703 1444 886 1504; x_wconf 88' lang='lat' dir='ltr'>detractione</span> <span class='ocrx_word' id='word_1_97' title='bbox 906 1443 991 1504; x_wconf 85' lang='lat' dir='ltr'>finiri.</span> <span class='ocrx_word' id='word_1_98' title='bbox 1043 1446 1189 1507; x_wconf 86' lang='lat' dir='ltr'>Iustitia</span> 
     </span>
     <span class='ocr_line' id='line_1_14' title="bbox 391 1538 1187 1619; baseline 0.001 -16"><span class='ocrx_word' id='word_1_99' title='bbox 391 1543 507 1603; x_wconf 87' lang='lat' dir='ltr'>vacillat</span> <span class='ocrx_word' id='word_1_100' title='bbox 528 1544 575 1603; x_wconf 88' lang='lat' dir='ltr'>vel</span> <span class='ocrx_word' id='word_1_101' title='bbox 595 1542 673 1602; x_wconf 89' lang='lat' dir='ltr'>iacet</span> <span class='ocrx_word' id='word_1_102' title='bbox 692 1542 791 1619; x_wconf 92' lang='lat' dir='ltr'>potius</span> <span class='ocrx_word' id='word_1_103' title='bbox 812 1561 975 1618; x_wconf 90' lang='lat' dir='ltr'>omnesque</span> <span class='ocrx_word' id='word_1_104' title='bbox 990 1562 1043 1603; x_wconf 90' lang='lat' dir='ltr'>eae</span> <span class='ocrx_word' id='word_1_105' title='bbox 1057 1538 1187 1619; x_wconf 84' lang='lat' dir='ltr'>virtutes,</span> 
     </span>
     <span class='ocr_line' id='line_1_15' title="bbox 392 1639 1190 1717; baseline 0.005 -18"><span class='ocrx_word' id='word_1_106' title='bbox 392 1660 468 1717; x_wconf 88' lang='lat' dir='ltr'>quae</span> <span class='ocrx_word' id='word_1_107' title='bbox 496 1639 526 1698; x_wconf 92' lang='lat' dir='ltr'>in</span> <span class='ocrx_word' id='word_1_108' title='bbox 554 1639 769 1699; x_wconf 88' lang='lat' dir='ltr'>communitate</span> <span class='ocrx_word' id='word_1_109' title='bbox 797 1650 956 1698; x_wconf 89' lang='lat' dir='ltr'>cernuntur</span> <span class='ocrx_word' id='word_1_110' title='bbox 983 1650 1013 1700; x_wconf 91' lang='lat' dir='ltr'>et</span> <span class='ocrx_word' id='word_1_111' title='bbox 1039 1639 1071 1698; x_wconf 91' lang='lat' dir='ltr'>in</span> <span class='ocrx_word' id='word_1_112' title='bbox 1098 1640 1190 1703; x_wconf 77' lang='lat' dir='ltr'>socie</span> 
     </span>
     <span class='ocr_line' id='line_1_16' title="bbox 92 1735 1231 1816; baseline 0.001 -18"><span class='ocrx_word' id='word_1_113' title='bbox 92 1752 95 1758; x_wconf 76' lang='grc'><strong>’</strong></span> <span class='ocrx_word' id='word_1_114' title='bbox 140 1749 201 1798; x_wconf 87' lang='lat' dir='ltr'>tate</span> <span class='ocrx_word' id='word_1_115' title='bbox 218 1737 332 1816; x_wconf 88' lang='lat' dir='ltr'>generis</span> <span class='ocrx_word' id='word_1_116' title='bbox 351 1736 480 1798; x_wconf 87' lang='lat' dir='ltr'>humani.</span> <span class='ocrx_word' id='word_1_117' title='bbox 524 1739 632 1813; x_wconf 91' lang='lat' dir='ltr'>Neque</span> <span class='ocrx_word' id='word_1_118' title='bbox 652 1736 732 1797; x_wconf 90' lang='lat' dir='ltr'>enim</span> <span class='ocrx_word' id='word_1_119' title='bbox 753 1735 870 1796; x_wconf 90' lang='lat' dir='ltr'>bonitas</span> <span class='ocrx_word' id='word_1_120' title='bbox 888 1757 944 1797; x_wconf 91' lang='lat' dir='ltr'>nec</span> <span class='ocrx_word' id='word_1_121' title='bbox 960 1737 1117 1798; x_wconf 90' lang='lat' dir='ltr'>liberalitas</span> <span class='ocrx_word' id='word_1_122' title='bbox 1131 1758 1188 1800; x_wconf 91' lang='lat' dir='ltr'>nec</span> <span class='ocrx_word' id='word_1_123' title='bbox 1204 1755 1231 1805; x_wconf 89' lang='lat'>¹5</span> 
     </span>
     <span class='ocr_line' id='line_1_17' title="bbox 135 1830 1219 1914; baseline 0.001 -19"><span class='ocrx_word' id='word_1_124' title='bbox 135 1835 264 1896; x_wconf 83' lang='lat' dir='ltr'>comitas</span> <span class='ocrx_word' id='word_1_125' title='bbox 285 1856 349 1896; x_wconf 87' lang='lat' dir='ltr'>esse</span> <span class='ocrx_word' id='word_1_126' title='bbox 369 1846 476 1912; x_wconf 90' lang='lat' dir='ltr'>potest,</span> <span class='ocrx_word' id='word_1_127' title='bbox 496 1853 558 1893; x_wconf 91' lang='lat' dir='ltr'>non</span> <span class='ocrx_word' id='word_1_128' title='bbox 577 1835 751 1910; x_wconf 90' lang='lat' dir='ltr'>plusquam</span> <span class='ocrx_word' id='word_1_129' title='bbox 770 1833 907 1906; x_wconf 87' lang='lat' dir='ltr'>amicitia,</span> <span class='ocrx_word' id='word_1_130' title='bbox 922 1830 946 1894; x_wconf 88' lang='lat' dir='ltr'>si</span> <span class='ocrx_word' id='word_1_131' title='bbox 965 1836 1039 1896; x_wconf 86' lang='lat' dir='ltr'>haec</span> <span class='ocrx_word' id='word_1_132' title='bbox 1058 1855 1119 1896; x_wconf 90' lang='lat' dir='ltr'>non</span> <span class='ocrx_word' id='word_1_133' title='bbox 1136 1856 1189 1914; x_wconf 88' lang='lat' dir='ltr'>per</span> <span class='ocrx_word' id='word_1_134' title='bbox 1215 1853 1219 1862; x_wconf 85' lang='lat'>&#39;</span> 
     </span>
     <span class='ocr_line' id='line_1_18' title="bbox 133 1930 1189 2012; baseline -0.001 -17"><span class='ocrx_word' id='word_1_135' title='bbox 133 1954 172 1994; x_wconf 39' lang='lat' dir='ltr'>*se</span> <span class='ocrx_word' id='word_1_136' title='bbox 186 1945 367 2012; x_wconf 87' lang='lat' dir='ltr'>expetantur,</span> <span class='ocrx_word' id='word_1_137' title='bbox 384 1934 437 1992; x_wconf 89' lang='lat' dir='ltr'>sed</span> <span class='ocrx_word' id='word_1_138' title='bbox 451 1933 491 1991; x_wconf 88' lang='lat' dir='ltr'>ad</span> <span class='ocrx_word' id='word_1_139' title='bbox 505 1933 686 2007; x_wconf 85' lang='lat' dir='ltr'>voluptatem</span> <span class='ocrx_word' id='word_1_140' title='bbox 700 1930 892 1991; x_wconf 88' lang='lat' dir='ltr'>utilitatemve</span> <span class='ocrx_word' id='word_1_141' title='bbox 905 1933 1071 1992; x_wconf 86' lang='lat' dir='ltr'>reserantur.</span> <span class='ocrx_word' id='word_1_142' title='bbox 1109 1935 1189 1994; x_wconf 90' lang='lat' dir='ltr'>Con-</span> 
     </span>
     <span class='ocr_line' id='line_1_19' title="bbox 133 2028 1187 2107; baseline 0.001 -17"><span class='ocrx_word' id='word_1_143' title='bbox 133 2031 268 2090; x_wconf 85' lang='lat' dir='ltr'>·seramus</span> <span class='ocrx_word' id='word_1_144' title='bbox 282 2029 368 2107; x_wconf 87' lang='lat' dir='ltr'>igitur</span> <span class='ocrx_word' id='word_1_145' title='bbox 386 2028 417 2087; x_wconf 92' lang='lat' dir='ltr'>in</span> <span class='ocrx_word' id='word_1_146' title='bbox 432 2048 533 2104; x_wconf 88' lang='lat' dir='ltr'>pauca</span> <span class='ocrx_word' id='word_1_147' title='bbox 581 2048 645 2104; x_wconf 92' lang='lat'>119.</span> <span class='ocrx_word' id='word_1_148' title='bbox 677 2030 757 2087; x_wconf 91' lang='lat' dir='ltr'>Nam</span> <span class='ocrx_word' id='word_1_149' title='bbox 770 2037 804 2087; x_wconf 90' lang='lat' dir='ltr'>ut</span> <span class='ocrx_word' id='word_1_150' title='bbox 823 2028 978 2090; x_wconf 89' lang='lat' dir='ltr'>utilitatem</span> <span class='ocrx_word' id='word_1_151' title='bbox 996 2032 1106 2090; x_wconf 90' lang='lat' dir='ltr'>nullam</span> <span class='ocrx_word' id='word_1_152' title='bbox 1121 2049 1187 2096; x_wconf 86' lang='lat' dir='ltr'>esse</span> 
     </span>
     <span class='ocr_line' id='line_1_20' title="bbox 132 2125 1187 2205; baseline 0.002 -17"><span class='ocrx_word' id='word_1_153' title='bbox 132 2128 295 2188; x_wconf 82' lang='lat' dir='ltr'>docuimus</span> <span class='ocrx_word' id='word_1_154' title='bbox 310 2146 386 2203; x_wconf 90' lang='lat' dir='ltr'>quae</span> <span class='ocrx_word' id='word_1_155' title='bbox 401 2125 548 2186; x_wconf 90' lang='lat' dir='ltr'>honestati</span> <span class='ocrx_word' id='word_1_156' title='bbox 558 2137 634 2186; x_wconf 90' lang='lat' dir='ltr'>esset</span> <span class='ocrx_word' id='word_1_157' title='bbox 649 2126 807 2200; x_wconf 82' lang='lat' dir='ltr'>contraria,</span> <span class='ocrx_word' id='word_1_158' title='bbox 816 2126 858 2186; x_wconf 91' lang='lat' dir='ltr'>sic</span> <span class='ocrx_word' id='word_1_159' title='bbox 871 2147 992 2188; x_wconf 90' lang='lat' dir='ltr'>omnem</span> <span class='ocrx_word' id='word_1_160' title='bbox 1005 2130 1187 2205; x_wconf 84' lang='lat' dir='ltr'>voluptatem</span> 
     </span>
     <span class='ocr_line' id='line_1_21' title="bbox 88 2224 1233 2302; baseline 0.003 -18"><span class='ocrx_word' id='word_1_161' title='bbox 88 2248 93 2262; x_wconf 66' lang='grc'>’-</span> <span class='ocrx_word' id='word_1_162' title='bbox 140 2225 265 2285; x_wconf 89' lang='lat' dir='ltr'>dicimus</span> <span class='ocrx_word' id='word_1_163' title='bbox 279 2224 426 2284; x_wconf 90' lang='lat' dir='ltr'>honestati</span> <span class='ocrx_word' id='word_1_164' title='bbox 440 2242 504 2284; x_wconf 89' lang='lat' dir='ltr'>esse</span> <span class='ocrx_word' id='word_1_165' title='bbox 518 2224 701 2284; x_wconf 82' lang='lat' dir='ltr'>contrariam.</span> <span class='ocrx_word' id='word_1_166' title='bbox 739 2226 807 2300; x_wconf 92' lang='lat' dir='ltr'>Quo</span> <span class='ocrx_word' id='word_1_167' title='bbox 821 2225 913 2302; x_wconf 85' lang='lat' dir='ltr'>magis</span> <span class='ocrx_word' id='word_1_168' title='bbox 926 2227 1186 2302; x_wconf 87' lang='lat' dir='ltr'>reprehendendos</span> <span class='ocrx_word' id='word_1_169' title='bbox 1200 2253 1233 2288; x_wconf 78' lang='lat' dir='ltr'>oo</span> 
     </span>
     <span class='ocr_line' id='line_1_22' title="bbox 134 2320 1224 2400; baseline 0.001 -17.006"><span class='ocrx_word' id='word_1_170' title='bbox 134 2322 349 2399; x_wconf 87' lang='lat' dir='ltr'>Calliphonem</span> <span class='ocrx_word' id='word_1_171' title='bbox 368 2333 396 2381; x_wconf 91' lang='lat' dir='ltr'>et</span> <span class='ocrx_word' id='word_1_172' title='bbox 416 2320 639 2381; x_wconf 88' lang='lat' dir='ltr'>Dinomachum</span> <span class='ocrx_word' id='word_1_173' title='bbox 657 2320 765 2395; x_wconf 87' lang='lat' dir='ltr'>iudico,</span> <span class='ocrx_word' id='word_1_174' title='bbox 781 2322 833 2398; x_wconf 89' lang='lat' dir='ltr'>qui</span> <span class='ocrx_word' id='word_1_175' title='bbox 850 2343 881 2384; x_wconf 90' lang='lat' dir='ltr'>se</span> <span class='ocrx_word' id='word_1_176' title='bbox 901 2323 1095 2400; x_wconf 90' lang='lat' dir='ltr'>dirempturos</span> <span class='ocrx_word' id='word_1_177' title='bbox 1117 2344 1187 2384; x_wconf 89' lang='lat' dir='ltr'>con·</span> <span class='ocrx_word' id='word_1_178' title='bbox 1221 2358 1224 2364; x_wconf 77' lang='lat'><em>‚</em></span> 
     </span>
     <span class='ocr_line' id='line_1_23' title="bbox 165 2417 1187 2524; baseline 0.003 -48"><span class='ocrx_word' id='word_1_179' title='bbox 165 2473 232 2514; x_wconf 69' lang='lat' dir='ltr'>runa</span> <span class='ocrx_word' id='word_1_180' title='bbox 245 2474 320 2524; x_wconf 51' lang='lat' dir='ltr'>theory</span> <span class='ocrx_word' id='word_1_181' title='bbox 344 2417 560 2512; x_wconf 89' lang='lat' dir='ltr'>troversiam</span> <span class='ocrx_word' id='word_1_182' title='bbox 577 2428 764 2494; x_wconf 80' lang='lat' dir='ltr'>putaverunt,</span> <span class='ocrx_word' id='word_1_183' title='bbox 776 2418 805 2478; x_wconf 92' lang='lat' dir='ltr'>si</span> <span class='ocrx_word' id='word_1_184' title='bbox 824 2438 893 2477; x_wconf 92' lang='lat' dir='ltr'>cum</span> <span class='ocrx_word' id='word_1_185' title='bbox 911 2420 1068 2483; x_wconf 89' lang='lat' dir='ltr'>honestate</span> <span class='ocrx_word' id='word_1_186' title='bbox 1085 2422 1187 2497; x_wconf 83' lang='lat' dir='ltr'>volup</span> 
     </span>
     <span class='ocr_line' id='line_1_24' title="bbox 133 2472 1187 2615; baseline 0.005 -44.024"><span class='ocrx_word' id='word_1_187' title='bbox 133 2534 324 2615; x_wconf 45' lang='lat' dir='ltr'>ssssssofflff</span> <span class='ocrx_word' id='word_1_188' title='bbox 295 2472 354 2566; x_wconf 72' lang='lat' dir='ltr'>aui</span> <span class='ocrx_word' id='word_1_189' title='bbox 391 2524 482 2572; x_wconf 87' lang='lat' dir='ltr'>tatem</span> <span class='ocrx_word' id='word_1_190' title='bbox 510 2525 663 2590; x_wconf 89' lang='lat' dir='ltr'>tamquam</span> <span class='ocrx_word' id='word_1_191' title='bbox 685 2535 754 2574; x_wconf 89' lang='lat' dir='ltr'>cum</span> <span class='ocrx_word' id='word_1_192' title='bbox 781 2515 917 2575; x_wconf 89' lang='lat' dir='ltr'>homine</span> <span class='ocrx_word' id='word_1_193' title='bbox 927 2518 1074 2592; x_wconf 89' lang='lat' dir='ltr'>pecudem</span> <span class='ocrx_word' id='word_1_194' title='bbox 1095 2536 1187 2602; x_wconf 88' lang='lat' dir='ltr'>copu-</span> 
     </span>
     <span class='ocr_line' id='line_1_25' title="bbox 391 2609 1184 2688; baseline 0.009 -21"><span class='ocrx_word' id='word_1_195' title='bbox 391 2609 536 2670; x_wconf 89' lang='lat' dir='ltr'>lavissent.</span> <span class='ocrx_word' id='word_1_196' title='bbox 591 2613 664 2670; x_wconf 90' lang='grc' dir='ltr'>Νοιι</span> <span class='ocrx_word' id='word_1_197' title='bbox 690 2611 794 2688; x_wconf 88' lang='lat' dir='ltr'>recipit</span> <span class='ocrx_word' id='word_1_198' title='bbox 824 2611 910 2671; x_wconf 88' lang='lat' dir='ltr'>istam</span> <span class='ocrx_word' id='word_1_199' title='bbox 937 2611 1184 2688; x_wconf 88' lang='lat' dir='ltr'>conjunctionem</span> 
     </span>
     <span class='ocr_line' id='line_1_26' title="bbox 91 2704 1228 2791; baseline 0.008 -30"><span class='ocrx_word' id='word_1_200' title='bbox 91 2722 109 2728; x_wconf 92' lang='grc'>··</span> <span class='ocrx_word' id='word_1_201' title='bbox 137 2704 285 2777; x_wconf 86' lang='lat' dir='ltr'>honestas,</span> <span class='ocrx_word' id='word_1_202' title='bbox 309 2718 488 2782; x_wconf 88' lang='lat' dir='ltr'>aspernatur,</span> <span class='ocrx_word' id='word_1_203' title='bbox 517 2707 639 2784; x_wconf 87' lang='lat' dir='ltr'>repellit.</span> <span class='ocrx_word' id='word_1_204' title='bbox 682 2710 749 2767; x_wconf 87' lang='lat' dir='ltr'>N&#39;ec</span> <span class='ocrx_word' id='word_1_205' title='bbox 775 2727 847 2768; x_wconf 87' lang='lat' dir='ltr'>vero</span> <span class='ocrx_word' id='word_1_206' title='bbox 874 2708 941 2768; x_wconf 86' lang='lat' dir='ltr'>finis</span> <span class='ocrx_word' id='word_1_207' title='bbox 968 2709 1115 2770; x_wconf 89' lang='lat' dir='ltr'>bonorum</span> <span class='ocrx_word' id='word_1_208' title='bbox 1143 2707 1185 2791; x_wconf 88' lang='lat' dir='ltr'>[et</span> <span class='ocrx_word' id='word_1_209' title='bbox 1198 2735 1228 2784; x_wconf 77' lang='lat'>25</span> 
     </span>
     <span class='ocr_line' id='line_1_27' title="bbox 132 2799 1186 2882; baseline 0.009 -25"><span class='ocrx_word' id='word_1_210' title='bbox 132 2799 303 2882; x_wconf 85' lang='lat' dir='ltr'>.malorum],</span> <span class='ocrx_word' id='word_1_211' title='bbox 313 2802 364 2878; x_wconf 91' lang='lat' dir='ltr'>qui</span> <span class='ocrx_word' id='word_1_212' title='bbox 379 2803 503 2880; x_wconf 87' lang='lat' dir='ltr'>simplex</span> <span class='ocrx_word' id='word_1_213' title='bbox 517 2823 581 2864; x_wconf 91' lang='lat' dir='ltr'>esse</span> <span class='ocrx_word' id='word_1_214' title='bbox 596 2805 695 2876; x_wconf 89' lang='lat' dir='ltr'>debet,</span> <span class='ocrx_word' id='word_1_215' title='bbox 707 2823 743 2863; x_wconf 87' lang='lat' dir='ltr'>ex</span> <span class='ocrx_word' id='word_1_216' title='bbox 756 2803 959 2865; x_wconf 91' lang='lat' dir='ltr'>dissimillimis</span> <span class='ocrx_word' id='word_1_217' title='bbox 972 2807 1060 2866; x_wconf 91' lang='lat' dir='ltr'>rebus</span> <span class='ocrx_word' id='word_1_218' title='bbox 1069 2806 1186 2868; x_wconf 88' lang='lat' dir='ltr'>misceri</span> 
     </span>
     <span class='ocr_line' id='line_1_28' title="bbox 131 2898 1185 2976; baseline 0.006 -19"><span class='ocrx_word' id='word_1_219' title='bbox 131 2909 168 2958; x_wconf 79' lang='lat' dir='ltr'>et</span> <span class='ocrx_word' id='word_1_220' title='bbox 182 2898 335 2975; x_wconf 88' lang='lat' dir='ltr'>temperari</span> <span class='ocrx_word' id='word_1_221' title='bbox 349 2910 459 2974; x_wconf 83' lang='lat' dir='ltr'>potest·</span> <span class='ocrx_word' id='word_1_222' title='bbox 500 2919 563 2958; x_wconf 85' lang='lat'>120.</span> <span class='ocrx_word' id='word_1_223' title='bbox 594 2901 654 2959; x_wconf 89' lang='lat' dir='ltr'>Sed</span> <span class='ocrx_word' id='word_1_224' title='bbox 668 2900 707 2959; x_wconf 92' lang='lat' dir='ltr'>de</span> <span class='ocrx_word' id='word_1_225' title='bbox 721 2901 928 2976; x_wconf 85' lang='lat' dir='ltr'>hoc—magna</span> <span class='ocrx_word' id='word_1_226' title='bbox 941 2899 1022 2960; x_wconf 91' lang='lat' dir='ltr'>enim</span> <span class='ocrx_word' id='word_1_227' title='bbox 1035 2921 1080 2961; x_wconf 87' lang='lat' dir='ltr'>res</span> <span class='ocrx_word' id='word_1_228' title='bbox 1099 2914 1185 2963; x_wconf 90' lang='lat' dir='ltr'>est-</span> 
     </span>
     <span class='ocr_line' id='line_1_29' title="bbox 130 2993 1185 3072; baseline 0.007 -20"><span class='ocrx_word' id='word_1_229' title='bbox 130 2993 195 3053; x_wconf 89' lang='lat' dir='ltr'>·alio</span> <span class='ocrx_word' id='word_1_230' title='bbox 216 2995 283 3053; x_wconf 93' lang='lat' dir='ltr'>loco</span> <span class='ocrx_word' id='word_1_231' title='bbox 303 2995 443 3071; x_wconf 90' lang='lat' dir='ltr'>pluribus.</span> <span class='ocrx_word' id='word_1_232' title='bbox 480 2998 570 3055; x_wconf 90' lang='lat' dir='ltr'>Nunc</span> <span class='ocrx_word' id='word_1_233' title='bbox 590 2997 629 3055; x_wconf 93' lang='lat' dir='ltr'>ad</span> <span class='ocrx_word' id='word_1_234' title='bbox 651 2996 842 3072; x_wconf 91' lang='lat' dir='ltr'>propositum.</span> <span class='ocrx_word' id='word_1_235' title='bbox 881 2998 979 3072; x_wconf 91' lang='lat' dir='ltr'>Quem</span> <span class='ocrx_word' id='word_1_236' title='bbox 999 2999 1185 3072; x_wconf 89' lang='lat' dir='ltr'>admodum</span> 
     </span>
     <span class='ocr_line' id='line_1_30' title="bbox 131 3088 1182 3171; baseline 0.007 -24"><span class='ocrx_word' id='word_1_237' title='bbox 131 3088 230 3167; x_wconf 83' lang='lat' dir='ltr'>igitur,</span> <span class='ocrx_word' id='word_1_238' title='bbox 245 3089 272 3149; x_wconf 91' lang='lat' dir='ltr'>si</span> <span class='ocrx_word' id='word_1_239' title='bbox 291 3092 412 3166; x_wconf 88' lang='lat' dir='ltr'>quando</span> <span class='ocrx_word' id='word_1_240' title='bbox 433 3111 477 3165; x_wconf 88' lang='lat' dir='ltr'>ea,</span> <span class='ocrx_word' id='word_1_241' title='bbox 495 3111 571 3168; x_wconf 87' lang='lat' dir='ltr'>quae</span> <span class='ocrx_word' id='word_1_242' title='bbox 591 3093 707 3152; x_wconf 91' lang='lat' dir='ltr'>videtur</span> <span class='ocrx_word' id='word_1_243' title='bbox 726 3091 844 3165; x_wconf 87' lang='lat' dir='ltr'>utilitas,</span> <span class='ocrx_word' id='word_1_244' title='bbox 862 3092 1010 3152; x_wconf 88' lang='lat' dir='ltr'>honestati</span> <span class='ocrx_word' id='word_1_245' title='bbox 1030 3105 1182 3171; x_wconf 86' lang='lat' dir='ltr'>repugnat,</span> 
     </span>
     <span class='ocr_line' id='line_1_31' title="bbox 132 3177 1229 3268; baseline 0.008 -22"><span class='ocrx_word' id='word_1_246' title='bbox 132 3186 329 3246; x_wconf 88' lang='lat' dir='ltr'>diiudicanda</span> <span class='ocrx_word' id='word_1_247' title='bbox 352 3207 398 3247; x_wconf 91' lang='lat' dir='ltr'>res</span> <span class='ocrx_word' id='word_1_248' title='bbox 422 3188 467 3261; x_wconf 88' lang='lat' dir='ltr'>sit,</span> <span class='ocrx_word' id='word_1_249' title='bbox 493 3189 563 3248; x_wconf 90' lang='lat' dir='ltr'>satis</span> <span class='ocrx_word' id='word_1_250' title='bbox 591 3200 636 3249; x_wconf 92' lang='lat' dir='ltr'>est</span> <span class='ocrx_word' id='word_1_251' title='bbox 660 3208 748 3265; x_wconf 90' lang='lat' dir='ltr'>supra</span> <span class='ocrx_word' id='word_1_252' title='bbox 775 3190 963 3266; x_wconf 87' lang='lat' dir='ltr'>disputatum.</span> <span class='ocrx_word' id='word_1_253' title='bbox 1005 3190 1056 3251; x_wconf 89' lang='lat' dir='ltr'>Sin</span> <span class='ocrx_word' id='word_1_254' title='bbox 1083 3177 1183 3252; x_wconf 81' lang='lat' dir='ltr'>autern</span> <span class='ocrx_word' id='word_1_255' title='bbox 1196 3219 1229 3268; x_wconf 82' lang='lat'>30</span> 
     </span>
     <span class='ocr_line' id='line_1_32' title="bbox 131 3283 1184 3363; baseline 0.004 -19"><span class='ocrx_word' id='word_1_256' title='bbox 131 3283 266 3360; x_wconf 66' lang='lat' dir='ltr'>,speciem</span> <span class='ocrx_word' id='word_1_257' title='bbox 280 3284 411 3344; x_wconf 89' lang='lat' dir='ltr'>utilitatis</span> <span class='ocrx_word' id='word_1_258' title='bbox 422 3284 509 3344; x_wconf 88' lang='lat' dir='ltr'>etiam</span> <span class='ocrx_word' id='word_1_259' title='bbox 520 3286 656 3361; x_wconf 89' lang='lat' dir='ltr'>voluptas</span> <span class='ocrx_word' id='word_1_260' title='bbox 664 3286 772 3345; x_wconf 89' lang='lat' dir='ltr'>habere</span> <span class='ocrx_word' id='word_1_261' title='bbox 787 3284 908 3358; x_wconf 85' lang='lat' dir='ltr'>dicetur,</span> <span class='ocrx_word' id='word_1_262' title='bbox 920 3286 1001 3344; x_wconf 88' lang='lat' dir='ltr'>nulla</span> <span class='ocrx_word' id='word_1_263' title='bbox 1010 3297 1109 3363; x_wconf 87' lang='lat' dir='ltr'>potest</span> <span class='ocrx_word' id='word_1_264' title='bbox 1119 3307 1184 3349; x_wconf 91' lang='lat' dir='ltr'>esse</span> 
     </span>
     <span class='ocr_line' id='line_1_33' title="bbox 128 3378 1185 3460; baseline 0.003 -21"><span class='ocrx_word' id='word_1_265' title='bbox 128 3379 165 3440; x_wconf 89' lang='lat' dir='ltr'>-ei</span> <span class='ocrx_word' id='word_1_266' title='bbox 179 3399 248 3438; x_wconf 91' lang='lat' dir='ltr'>cum</span> <span class='ocrx_word' id='word_1_267' title='bbox 262 3381 417 3439; x_wconf 91' lang='lat' dir='ltr'>honestate</span> <span class='ocrx_word' id='word_1_268' title='bbox 431 3378 611 3439; x_wconf 88' lang='lat' dir='ltr'>coniunctio.</span> <span class='ocrx_word' id='word_1_269' title='bbox 644 3382 729 3452; x_wconf 90' lang='lat' dir='ltr'>Nam,</span> <span class='ocrx_word' id='word_1_270' title='bbox 738 3390 771 3439; x_wconf 92' lang='lat' dir='ltr'>ut</span> <span class='ocrx_word' id='word_1_271' title='bbox 784 3379 946 3439; x_wconf 83' lang='lat' dir='ltr'>tribuamus</span> <span class='ocrx_word' id='word_1_272' title='bbox 960 3380 1072 3458; x_wconf 91' lang='lat' dir='ltr'>aliquid</span> <span class='ocrx_word' id='word_1_273' title='bbox 1082 3384 1185 3460; x_wconf 88' lang='lat' dir='ltr'>volup-</span> 
     </span>
     <span class='ocr_line' id='line_1_34' title="bbox 131 3475 1161 3578; baseline 0.011 -49"><span class='ocrx_word' id='word_1_274' title='bbox 131 3475 198 3578; x_wconf 24' lang='lat' dir='ltr'>tat-i,</span> <span class='ocrx_word' id='word_1_275' title='bbox 214 3475 397 3536; x_wconf 92' lang='lat' dir='ltr'>condimenti</span> <span class='ocrx_word' id='word_1_276' title='bbox 410 3477 533 3535; x_wconf 85' lang='lat' dir='ltr'>sortasse</span> <span class='ocrx_word' id='word_1_277' title='bbox 548 3475 691 3548; x_wconf 91' lang='lat' dir='ltr'>nonnihil,</span> <span class='ocrx_word' id='word_1_278' title='bbox 707 3475 838 3536; x_wconf 91' lang='lat' dir='ltr'>utilitatis</span> <span class='ocrx_word' id='word_1_279' title='bbox 852 3489 931 3537; x_wconf 88' lang='lat' dir='ltr'>certe</span> <span class='ocrx_word' id='word_1_280' title='bbox 944 3477 1023 3536; x_wconf 89' lang='lat' dir='ltr'>nihil</span> <span class='ocrx_word' id='word_1_281' title='bbox 1032 3479 1161 3540; x_wconf 85' lang='lat' dir='ltr'>habebit</span> 
     </span>
    </p>
   </div>
   <div class='ocr_carea' id='block_1_3' title="bbox 165 1604 288 1656">
    <p class='ocr_par' dir='ltr' id='par_1_3' title="bbox 165 1604 288 1656">
     <span class='ocr_line' id='line_1_35' title="bbox 165 1604 288 1656; baseline 0.008 -10"><span class='ocrx_word' id='word_1_282' title='bbox 165 1618 185 1656; x_wconf 80' lang='lat'>4.</span> <span class='ocrx_word' id='word_1_283' title='bbox 199 1604 288 1656; x_wconf 83' lang='lat' dir='ltr'>Justice.</span> 
     </span>
    </p>
   </div>
   <div class='ocr_carea' id='block_1_4' title="bbox 451 3573 1184 3649">
    <p class='ocr_par' dir='ltr' id='par_1_4' title="bbox 451 3573 1184 3649">
     <span class='ocr_line' id='line_1_36' title="bbox 451 3573 1184 3649; baseline 0.01 -19"><span class='ocrx_word' id='word_1_284' title='bbox 451 3592 514 3631; x_wconf 89' lang='lat'><em>121.</em></span> <span class='ocrx_word' id='word_1_285' title='bbox 553 3573 658 3632; x_wconf 90' lang='lat' dir='ltr'>Habes</span> <span class='ocrx_word' id='word_1_286' title='bbox 672 3592 691 3631; x_wconf 89' lang='lat' dir='ltr'>a</span> <span class='ocrx_word' id='word_1_287' title='bbox 703 3584 786 3649; x_wconf 89' lang='lat' dir='ltr'>patre</span> <span class='ocrx_word' id='word_1_288' title='bbox 800 3592 916 3647; x_wconf 89' lang='lat' dir='ltr'>munus,</span> <span class='ocrx_word' id='word_1_289' title='bbox 933 3575 1035 3634; x_wconf 87' lang='lat' dir='ltr'>Marce</span> <span class='ocrx_word' id='word_1_290' title='bbox 1049 3573 1099 3649; x_wconf 91' lang='lat' dir='ltr'>fili,</span> <span class='ocrx_word' id='word_1_291' title='bbox 1115 3595 1184 3637; x_wconf 85' lang='lat' dir='ltr'>mea</span> 
     </span>
    </p>
   </div>
   <div class='ocr_carea' id='block_1_5' title="bbox 138 3632 1227 3747">
    <p class='ocr_par' dir='ltr' id='par_1_5' title="bbox 138 3632 1227 3747">
     <span class='ocr_line' id='line_1_37' title="bbox 138 3632 1227 3747; baseline 0.058 -72"><span class='ocrx_word' id='word_1_292' title='bbox 138 3632 295 3677; x_wconf 76' lang='lat' dir='ltr'>eonorunou·</span> <span class='ocrx_word' id='word_1_293' title='bbox 388 3668 510 3746; x_wconf 65' lang='lat' dir='ltr'>quidem</span> <span class='ocrx_word' id='word_1_294' title='bbox 537 3669 701 3729; x_wconf 87' lang='lat' dir='ltr'>sententia</span> <span class='ocrx_word' id='word_1_295' title='bbox 709 3689 873 3747; x_wconf 88' lang='lat' dir='ltr'>magnum,</span> <span class='ocrx_word' id='word_1_296' title='bbox 888 3670 942 3730; x_wconf 87' lang='lat' dir='ltr'>sed</span> <span class='ocrx_word' id='word_1_297' title='bbox 968 3669 1091 3747; x_wconf 75' lang='lat' dir='ltr'>perinde</span> <span class='ocrx_word' id='word_1_298' title='bbox 1119 3672 1227 3747; x_wconf 74' lang='lat' dir='ltr'>eritas</span> 
     </span>
    </p>
   </div>
   <div class='ocr_carea' id='block_1_6' title="bbox 132 3806 1186 3955">
    <p class='ocr_par' dir='ltr' id='par_1_6' title="bbox 132 3806 1186 3955">
     <span class='ocr_line' id='line_1_38' title="bbox 132 3806 1186 3894; baseline 0.006 -39"><span class='ocrx_word' id='word_1_299' title='bbox 132 3838 135 3847; x_wconf 87' lang='lat'>·</span> <span class='ocrx_word' id='word_1_300' title='bbox 186 3820 199 3854; x_wconf 84' lang='lat' dir='ltr'>a</span> <span class='ocrx_word' id='word_1_301' title='bbox 203 3820 216 3867; x_wconf 87' lang='lat'><strong>5</strong></span> <span class='ocrx_word' id='word_1_302' title='bbox 227 3806 300 3855; x_wconf 81' lang='lat' dir='ltr'>verbo</span> <span class='ocrx_word' id='word_1_303' title='bbox 310 3813 335 3856; x_wconf 85' lang='lat' dir='ltr'>et</span> <span class='ocrx_word' id='word_1_304' title='bbox 342 3807 468 3856; x_wconf 88' lang='lat' dir='ltr'>malorum</span> <span class='ocrx_word' id='word_1_305' title='bbox 478 3808 537 3857; x_wconf 83' lang='lat' dir='ltr'>dolet</span> <span class='ocrx_word' id='word_1_306' title='bbox 546 3809 663 3857; x_wconf 82' lang='lat' dir='ltr'>Muretus</span> <span class='ocrx_word' id='word_1_307' title='bbox 672 3824 727 3857; x_wconf 85' lang='lat' dir='ltr'><em>vor.</em></span> <span class='ocrx_word' id='word_1_308' title='bbox 736 3808 787 3857; x_wconf 84' lang='lat' dir='ltr'>lect.</span> <span class='ocrx_word' id='word_1_309' title='bbox 795 3820 857 3858; x_wconf 81' lang='lat' dir='ltr'>xlv.</span> <span class='ocrx_word' id='word_1_310' title='bbox 848 3825 887 3874; x_wconf 83' lang='lat'>.3‚</span> <span class='ocrx_word' id='word_1_311' title='bbox 900 3809 1048 3860; x_wconf 81' lang='lat' dir='ltr'>secluserunt</span> <span class='ocrx_word' id='word_1_312' title='bbox 1053 3810 1094 3859; x_wconf 88' lang='lat' dir='ltr'>Bo</span> <span class='ocrx_word' id='word_1_313' title='bbox 1104 3811 1186 3894; x_wconf 78' lang='lat' dir='ltr'>Ileine</span> 
     </span>
     <span class='ocr_line' id='line_1_39' title="bbox 136 3886 1165 3955; baseline -0.002 -18"><span class='ocrx_word' id='word_1_314' title='bbox 136 3886 194 3937; x_wconf 81' lang='lat' dir='ltr'>dolet</span> <span class='ocrx_word' id='word_1_315' title='bbox 204 3889 244 3936; x_wconf 87' lang='lat' dir='ltr'>Lu</span> <span class='ocrx_word' id='word_1_316' title='bbox 255 3903 311 3936; x_wconf 88' lang='lat' dir='ltr'>cum</span> <span class='ocrx_word' id='word_1_317' title='bbox 321 3888 413 3937; x_wconf 85' lang='lat' dir='ltr'>duobus</span> <span class='ocrx_word' id='word_1_318' title='bbox 423 3889 487 3940; x_wconf 83' lang='lat' dir='ltr'>codd</span> <span class='ocrx_word' id='word_1_319' title='bbox 526 3892 536 3948; x_wconf 85' lang='lat' dir='ltr'>ll</span> <span class='ocrx_word' id='word_1_320' title='bbox 572 3889 803 3955; x_wconf 78' lang='lat' dir='ltr'>31drc1turlleone</span> <span class='ocrx_word' id='word_1_321' title='bbox 862 3920 867 3930; x_wconf 85' lang='lat'><em>·</em></span> <span class='ocrx_word' id='word_1_322' title='bbox 909 3925 912 3929; x_wconf 90' lang='lat'>-</span> <span class='ocrx_word' id='word_1_323' title='bbox 941 3919 968 3929; x_wconf 65' lang='lat'>‚,</span> <span class='ocrx_word' id='word_1_324' title='bbox 1162 3911 1165 3916; x_wconf 94' lang='lat'>·</span> 
     </span>
    </p>
   </div>
   <div class='ocr_carea' id='block_1_7' title="bbox 0 0 1340 4296">
    <p class='ocr_par' dir='ltr' id='par_1_7' title="bbox 0 0 1340 4296">
     <span class='ocr_line' id='line_1_40' title="bbox 0 0 1340 4296; baseline 0 1"><span class='ocrx_word' id='word_1_325' title='bbox 0 0 1340 4296; x_wconf 95' lang='lat' dir='ltr'> </span> 
     </span>
    </p>
   </div>
  </div>
 </body>
</html>
