2670 4296
169 234 187 293 6
346 229 348 233 ’
441 230 558 294 Diuisio
576 231 753 291 tractationis
772 229 939 308 quintuplex
1091 229 1207 314 [11118

192 436 380 487 sumptuum
418 394 456 455 ris
477 395 563 454 huius
582 394 665 454 modi
681 404 750 454 sunt
769 396 923 470 exempla;
951 393 1088 455 omniane
1112 394 1209 455 officia

166 486 309 530 ¹⁰¹¹¹¹⁸¹ki¹²4
416 492 546 568 perlecta
559 489 626 564 sint,
638 509 709 550 num
720 491 803 566 quod
812 489 940 550 officium
949 491 1029 550 aliud
1042 490 1101 552 alio
1111 491 1209 553 maius

167 590 213 666 sit,
228 602 258 652 et
278 609 354 669 quae
375 597 442 649 sunt
458 586 573 663 generis
589 585 730 646 eiusdem.
775 588 911 661 Quorum
927 598 1028 647 antem
1045 587 1209 648 officiorum

341 757 347 767 .
416 693 573 760 praecepta
586 683 746 756 traduntur,
762 701 798 742 ea
817 702 997 760 quamquam
1010 683 1156 760 pertinent
1170 686 1209 745 ad

167 757 379 869 mpehreimpgpea
416 782 506 840 finem
526 781 681 854 bonorum,
696 791 797 840 tamen
818 779 917 840 minus
937 780 970 839 id
989 792 1118 856 apparet,
1140 782 1210 858 quia
1238 815 1251 862 ⁵

166 870 214 901 Μ*
222 873 315 910 ‘nimy'
417 876 509 954 magis
522 876 561 936 ad
575 875 788 936 institutionem
801 875 879 936 vitae
892 876 1059 936 communis
1077 889 1208 954 spectare

166 978 319 1038 videntur:
339 976 378 1035 de
392 974 499 1050 qurhus
513 982 558 1032 est
571 972 658 1032 nobis
671 972 717 1033 his
731 972 812 1032 libris
826 972 1043 1049 explicandum.
1087 975 1114 1032 8.
1156 976 1209 1034 At-

191 1107 380 1151 mannassen
420 1088 479 1145 que
499 1068 588 1129 etiam
608 1068 666 1128 alia
686 1067 791 1128 divisio
811 1079 856 1128 est
876 1068 985 1128 officii:
1005 1085 1074 1128 nam
1098 1080 1128 1130 et
1149 1089 1210 1130 me·

166 1160 381 1261 ffliffffi
419 1167 501 1227 dium
524 1167 676 1243 quoddam
698 1165 827 1226 officium
850 1164 955 1225 dicitur
981 1177 1010 1226 et
1036 1169 1207 1243 perfectum.

159 1262 230 1311 Μ’·
421 1267 588 1324 Perfectum
615 1263 744 1324 officium
766 1274 899 1324 rectum
926 1263 1032 1340 opinor
1057 1283 1206 1337 vocemus,
1224 1295 1254 1330 ro

108 1384 110 1389 ’
169 1359 310 1439 quoniam
319 1361 424 1421 Graeci
434 1361 604 1438 κατόρθωμα,
613 1364 777 1422 hocautem
786 1381 942 1422 commune
951 1361 1078 1422 officium
1088 1361 1209 1438 καθῆκον

168 1475 283 1525 vocant
311 1467 411 1540 Atque
425 1484 461 1525 ea
474 1463 516 1524 sic
530 1465 682 1533 definiunt,
696 1475 737 1537 ut,
752 1475 865 1525 rectum
878 1466 960 1541 quod
973 1465 1017 1540 sit,
1033 1465 1064 1526 id
1078 1466 1206 1526 officium

167 1570 332 1645 perfectum
343 1586 406 1627 esse
416 1567 572 1642 definiant;
589 1568 722 1627 medium
731 1577 829 1627 autem
840 1567 968 1628 officium
979 1568 1010 1628 id
1021 1587 1085 1630 esse
1093 1567 1204 1642 dicunt,

168 1673 250 1750 quod
263 1693 315 1733 cur
328 1675 438 1756 factum
452 1672 489 1734 sit
502 1672 577 1733 ratio
589 1672 749 1751 probabilis
762 1672 846 1732 reddi
859 1671 961 1752 possit.

194 1822 380 1864 »rsarrusmade
479 1786 504 1843 9.
547 1766 667 1843 Triplex
685 1765 771 1844 igitur
790 1779 843 1840 est,
864 1779 897 1827 ut
918 1767 1059 1829 Panaetio
1085 1767 1208 1843 videtur,
1226 1798 1253 1847 15

167 1873 207 1914 but
219 1873 277 1914 three
322 1873 379 1913 neral
418 1864 532 1924 consilii
543 1864 679 1941 capiendi
688 1865 865 1926 deliberatio.
889 1867 968 1925 Nam
979 1877 1029 1926 aut
1042 1866 1211 1925 honestum·

309 1887 320 1912 e

168 1887 380 2015 iiiiii⁵:⁰sffc)1⁰c¹iiio
417 1983 455 2023 ne
469 1966 547 2022 factu
561 1963 598 2022 sit
612 1982 650 2022 an
663 1973 748 2040 turpe
763 1964 900 2024 dubitant
913 1963 953 2035 id,
964 1964 1046 2040 quod
1059 1963 1091 2022 in
1101 1963 1211 2024 delibe-

168 2022 342 2065 ⁸dd⁸w⁰m⁰¹²
416 2058 560 2119 rationem
574 2058 670 2133 cadit3
691 2058 791 2135 inquo
800 2059 1014 2133 considerando
1023 2077 1110 2135 saepe
1118 2057 1210 2118 animi

139 2163 157 2213 ii
169 2152 200 2212 in
214 2153 372 2216 contrarias
390 2155 549 2216 sententias
570 2154 776 2215 distrahuntur.
818 2160 899 2216 Tum
919 2168 1018 2216 autem
1037 2167 1088 2216 aut
1108 2155 1210 2232 anqui-

168 2260 236 2309 runt
252 2260 303 2309 aut
321 2251 489 2310 consultant
512 2252 551 2310 ad
569 2250 646 2310 vitae
666 2252 909 2312 commoditatem
927 2249 1207 2326 iucunditatemque,
1223 2273 1255 2308 ro

168 2350 207 2409 ad
224 2350 375 2409 facultates
394 2368 489 2407 rerum
507 2359 598 2424 atque
614 2346 723 2425 copias,
741 2350 780 2408 ad
795 2367 867 2425 opes
895 2347 935 2407 ad
954 2347 1126 2424 potentiam,
1147 2345 1209 2423 qui-

168 2445 224 2507 bus
245 2458 275 2508 et
295 2467 327 2508 se
346 2445 460 2524 possint
480 2445 579 2506 iuvare
599 2457 630 2506 et
650 2466 726 2519 suos,
748 2448 896 2506 conducat
915 2444 947 2504 id
968 2464 1070 2518 necne,
1090 2445 1208 2520 dequo

169 2543 351 2604 deliberant:
372 2563 448 2619 quae
462 2541 634 2603 deliberatio
648 2541 744 2602 omnis
758 2541 789 2601 in
807 2543 951 2603 rationem
971 2541 1102 2602 utilitatis
1119 2539 1206 2601 cadit.

131 2649 158 2699 iii
169 2639 302 2700 Tertium
316 2639 471 2701 dubitandi
478 2659 571 2716 genus
585 2651 637 2714 est,
648 2660 716 2699 cum
730 2659 859 2717 pugnare
872 2638 988 2705 videtur
1000 2656 1068 2698 cum
1081 2641 1208 2699 honesto

168 2737 209 2814 id,
227 2738 308 2816 quod
322 2736 439 2796 videtur
459 2755 522 2796 esse
542 2734 622 2797 utile.
665 2738 743 2797 Cum
764 2737 843 2796 enim
865 2736 973 2797 utilitas
991 2737 1029 2796 ad
1048 2755 1080 2796 se
1096 2756 1207 2814 rapere,
1222 2765 1253 2816 ²5

168 2833 307 2893 honestas
328 2842 430 2890 contra
449 2850 586 2891 revocare
606 2832 644 2890 ad
666 2850 697 2891 se
723 2831 845 2904 videtur,
867 2833 900 2892 fit
920 2842 953 2890 ut
980 2830 1156 2893 distrahatur
1175 2832 1207 2892 in

169 2931 363 2991 deliberando
397 2928 512 2988 animus
539 2930 709 3005 adferatque
736 2928 894 3006 ancipitem
922 2948 1022 2989 curam
1048 2928 1206 3005 cogitandi.

172 3040 228 3087 1⁶⁵-
260 3026 329 3083 Hac
343 3023 495 3098 divisione,
510 3043 577 3084 cum
591 3023 746 3101 praeterire
760 3023 871 3100 aliquid
884 3025 1044 3083 maximum
1058 3024 1162 3084 vitium
1175 3024 1208 3086 in

169 3119 329 3181 dividendo
343 3119 389 3194 sit,
402 3122 464 3181 duo
477 3119 680 3198 praetermissa
694 3130 770 3179 sunt.
813 3122 880 3179 Nec
896 3119 975 3179 enim
994 3121 1090 3179 solum
1109 3131 1208 3182 utrum

168 3217 326 3276 honestum
339 3235 376 3276 an
397 3226 482 3292 turpe
501 3214 538 3274 sit
556 3215 711 3276 deliberari
731 3217 814 3288 solet,
829 3215 881 3276 scd
900 3214 988 3275 etiam
1006 3217 1123 3277 duobus
1141 3237 1208 3294 pro·
1221 3251 1253 3300 30

60 3314 62 3321 '
130 3330 156 3378 iv
167 3312 271 3390 positis
291 3311 422 3373 honestis
446 3322 543 3371 utrum
570 3312 730 3384 honestius,
752 3311 883 3388 itemque
909 3312 1026 3371 duobus
1050 3311 1208 3388 propositis

141 3409 288 3471 vutilibus
311 3418 410 3468 utrum
436 3407 542 3468 utilius.
585 3410 641 3482 Ita,
665 3428 754 3485 quam
774 3409 824 3468 ille
845 3407 987 3484 triplicem
1008 3407 1122 3485 putavit
1141 3427 1208 3470 esse
1242 3422 1245 3428 ’

214 3606 225 3638 r
238 3590 351 3654 exempla
361 3589 438 3652 [sunt]
453 3590 490 3640 Or
502 3595 511 3649 ΙΙ
532 3604 545 3638 o
557 3591 678 3656 numquid
692 3592 729 3640 Or
742 3595 751 3648 ΙΙ
766 3606 780 3654 3
792 3607 855 3655 quae
866 3599 949 3641 autem
959 3592 1131 3641 Heinecontra
1141 3591 1207 3642 codd.

170 3677 279 3735 7atque
306 3671 484 3720 etiam-reddi
501 3673 578 3735 possit
595 3673 665 3721 uncis
683 3673 739 3721 incl.
759 3674 807 3732 Ba,
827 3673 907 3721 Heine
941 3676 950 3730 ΙΙ
994 3687 1020 3721 ιι
1039 3672 1106 3737 quod
1118 3673 1207 3723 Graeci

171 3752 209 3802 Or
216 3759 302 3801 contra
312 3753 375 3802 codd.
404 3757 413 3809 ΙΙ
447 3766 472 3800 rr
484 3769 614 3803 commune
622 3753 728 3803 officium
740 3754 843 3813 καθῆκον
854 3761 943 3802 vocant
953 3755 1032 3802 Heine
1041 3755 1072 3803 St
1077 3760 1211 3817 praeeunte

167 3833 267 3884 Pearcio
272 3848 285 3894 ,·
300 3833 428 3898 [officium]
439 3834 541 3895 nutritor
552 3834 711 3894 vocantOrll
749 3835 896 3886 sonutam.
912 3836 949 3885 Or
972 3839 982 3895 ΙΙ
1013 3836 1090 3886 28111
1103 3835 1151 3886 hac
1165 3837 1207 3887 Ba
1264 3906 1267 3913 ἱ

85 3945 87 3949 -
168 3914 247 3964 litim
