2670 4296
73 202 107 262 ΙΙ
121 221 200 265 xvrrr
214 202 266 287 63]
449 229 522 286 quae
532 210 653 287 pecnnia
665 208 741 288 fiat¹
1079 214 1117 293 83

72 370 111 429 de
133 371 191 431 hoc
212 392 318 450 genere
342 387 406 436 toto
424 376 455 436 in
477 377 512 437 iis
530 377 619 451 libris,
643 397 719 454 quos
743 378 782 438 de
806 397 837 437 re
863 376 983 454 publica
1004 374 1115 454 scripsi,

97 513 154 556 such
183 529 285 567 emm
322 473 477 550 diligenter
502 485 547 534 est
578 474 768 552 disputatum.
818 476 906 534 Tota*
928 473 1015 551 igitur
1042 471 1117 533 ratio

71 575 127 606 w
148 565 174 607 be
198 581 283 619 ⁹r0p01·
321 571 424 631 talium
444 571 630 649 largitionum
650 591 758 651 genere
777 569 883 631 vitiosa
903 581 956 643 est,
980 583 1116 646 tempori·

71 615 144 657 tioned
183 624 205 658 to
245 633 283 659 our

71 668 284 759 23253232‘115133}
321 669 377 727 bus
403 667 574 742 necessaria,
598 679 628 728 et
647 679 711 728 tum
733 667 830 745 ipsum
848 678 878 727 et
902 668 942 726 ad
962 668 1115 726 facultates

74 766 179 858 {3331
187 769 282 810 auamo·
321 765 576 824 accommodanda
616 775 646 825 et
688 762 890 824 mediocritate
932 764 1115 822 moderanda
1145 775 1158 825 5

10 857 62 906 '111
321 871 374 920 est
425 863 472 920 61.
515 864 552 921 In
581 861 631 921 illo
655 872 755 921 autem
777 861 871 920 altero
896 879 1003 937 genere
1031 860 1114 937 largi·

100 966 128 1016 m
143 966 284 1011 orntum·
322 955 400 1029 endi,
418 957 499 1033 quod
520 975 539 1016 a
558 956 731 1016 liberalitate
751 955 951 1033 proficiscitur,
969 974 1032 1016 nou
1051 974 1113 1017 uno

75 1015 129 1076 fill·
164 1019 230 1060 Rules
251 1020 283 1062 lor
433 1053 440 1065 .
515 1053 521 1065 .
592 1054 597 1066 .
756 1053 762 1065 ·
908 1051 935 1074 ·,

71 1079 156 1117 giving:
169 1070 284 1111 vesunu
321 1055 462 1112 modom
492 1054 655 1130 disparibus
683 1073 779 1113 causis
808 1055 916 1113 adfecti
940 1072 1007 1113 esse
1026 1054 1113 1114 debe·

74 1118 170 1158 consider
187 1118 231 1161 first
247 1121 283 1160 tlre
478 1149 484 1162 .
721 1151 727 1162 .
837 1150 843 1163 .
961 1151 966 1162 .

74 1166 234 1221 circumstances
250 1171 285 1229 Ιοἱ
321 1168 395 1208 mus.
436 1152 504 1210 Aha
522 1171 611 1211 Causa
632 1163 677 1211 est
701 1170 773 1222 emS,
793 1171 844 1226 qul
862 1151 1029 1211 caiamltate
1050 1170 1112 1228 ple·

71 1217 285 1357 {ipiiffliiiifiiss
322 1247 418 1320 mitur,
439 1248 561 1321 eteius,
583 1249 700 1325 quires
724 1248 859 1308 meliores
883 1247 997 1324 quaerit
1024 1249 1111 1309 nullis
1130 1266 1157 1299 ¹0

89 1327 159 1363 Μ
297 1348 298 1352 ’
322 1345 381 1405 suis
401 1347 488 1406 rebus
508 1346 645 1406 adversis.
695 1347 741 1406 62.
785 1345 962 1422 Propensior
982 1345 1112 1422 benigni·

72 1444 117 1494 tas
134 1455 197 1498 esse
214 1437 334 1500 debebit
351 1441 381 1500 in
400 1442 595 1515 calamitosos,
619 1442 675 1525 nisi
693 1443 767 1502 forte
786 1453 871 1502 erunt
890 1439 972 1517 digni
990 1441 1109 1501 calami·

72 1541 140 1592 tate.
183 1536 220 1592 ln
237 1535 272 1595 iis
285 1548 393 1609 tamen,
409 1540 459 1615 qui
474 1559 505 1599 se
522 1538 653 1599 adiuvari
671 1542 780 1611 volent,
796 1558 857 1598 non
871 1557 909 1598 ne
923 1537 1105 1615 adfligantur,

73 1629 127 1687 sed
140 1640 172 1688 ut
186 1631 318 1692 altiorem
336 1636 459 1711 gradum
477 1636 646 1709 ascendant,
665 1635 787 1695 restricti
807 1633 929 1695 omnino
945 1654 1010 1711 esse
1028 1636 1110 1695 nullo

75 1725 166 1784 modo
181 1728 331 1805 debemus,
350 1733 402 1791 sed
420 1731 451 1791 in
468 1731 630 1809 deligendis
648 1731 763 1791 idoneis
781 1730 923 1791 iudicium
942 1741 972 1791 et
990 1730 1154 1809 diligen-15

74 1820 145 1880 tiam
159 1825 306 1887 adhibere.
349 1832 427 1889 Nam
440 1833 587 1906 praeclare
602 1830 733 1893 Ennius:

201 2020 202 2023 Ἴ
289 1959 356 2008 Bene
363 1959 435 2025 fricta
452 1963 515 2011 nrale
528 1959 605 2011 locrila
621 1959 763 2024 malefacta
778 1961 891 2012 Arbilror.

75 2068 121 2144 63.
165 2071 256 2146 Quod
273 2086 372 2136 autem
389 2075 527 2137 tributum
544 2087 588 2137 est
606 2077 687 2137 bono
707 2075 769 2137 viro
788 2089 817 2137 et
830 2086 921 2154 grato,
944 2075 975 2136 in
989 2095 1026 2136 eo
1040 2094 1110 2135 cum

73 2183 110 2223 ex
129 2164 194 2244 ipso
214 2171 323 2231 fructus
344 2183 388 2233 est
412 2185 475 2234 tum
503 2171 592 2234 etiam
612 2192 649 2233 ex
669 2172 780 2235 ceteris.
823 2172 1002 2233 Temeritate
1029 2171 1110 2232 enim

71 2275 185 2347 remota
204 2266 367 2342 gratissima
387 2279 431 2330 est
451 2269 615 2342 liberaliter,
638 2289 733 2347 eoque
754 2288 819 2328 eam
840 2268 999 2330 studiosius
1026 2267 1110 2344 pleri·
1124 2297 1155 2332 re

72 2376 130 2433 que
150 2361 278 2435 laudant,
301 2366 382 2440 quod
403 2365 510 2425 summi
533 2366 675 2442 cuiusque
695 2365 812 2425 bonitas
835 2384 994 2426 commune
1016 2365 1112 2441 perfu-

74 2457 162 2539 ’Μ
186 2507 232 2541 m
261 2500 286 2540 0,
319 2460 400 2537 ginm
421 2473 465 2522 est
486 2461 627 2522 omnium.
671 2462 779 2522 Danda
797 2460 884 2539 igitur
903 2481 993 2539 opera
1014 2471 1058 2521 est
1078 2471 1111 2520 ut

10 2629 11 2634 η
72 2544 283 2659 ss‘gssgffigffl
320 2555 356 2616 iis
379 2559 528 2621 beneficiis
553 2559 807 2637 quamplurimos
831 2559 1012 2632 adiiciamus,
1039 2576 1111 2635 quo·

71 2659 172 2692 ‘m‘-
235 2693 261 2699 -·
321 2676 386 2716 rum
407 2657 547 2717 memoria
568 2657 665 2718 liberis
692 2657 875 2734 posterisque
902 2658 1050 2734 prodatur,
1079 2668 1111 2717 ut

72 2748 107 2809 iis
127 2749 245 2828 ingratis
262 2773 402 2814 essenon
425 2754 518 2814 liceat.
564 2757 676 2815 Omnes
700 2755 778 2814 enim
798 2753 1002 2814 immemorem
1021 2755 1111 2813 bene·
1124 2772 1154 2824 rs
1182 2777 1184 2783 ·

72 2845 131 2905 ficii
152 2849 277 2909 oderunt
297 2870 422 2926 eamque
442 2849 577 2910 iniuriam
604 2851 635 2910 in
660 2851 834 2910 deterrenda
861 2849 1034 2910 liberalitate
1055 2848 1111 2908 sibi

71 2941 161 3002 etiam
181 2943 243 3004 fieri
263 2965 400 3022 eumque,
421 2946 472 3023 qui
489 2945 584 3020 faciat,
602 2965 791 3006 communem
812 2947 928 3006 hostem
945 2945 1111 3012 tenuiorum

72 3049 184 3114 putant.
225 3043 326 3118 Atque
346 3043 420 3102 haec
443 3037 608 3119 benignitas
629 3042 718 3102 etiam
739 3041 781 3101 rei
801 3040 937 3118 publicae
957 3053 1002 3102 est
1022 3040 1110 3114 utilis,

71 3134 174 3195 redimi
192 3156 210 3197 e
226 3137 364 3198 servitute
383 3149 493 3215 captos,
512 3137 683 3214 locupletari
704 3136 869 3198 tenuiores:
890 3139 973 3214 quod
991 3137 1110 3214 quidem

70 3233 156 3309 volgo
170 3223 289 3293 solitum
304 3234 366 3293 fieri
380 3236 417 3293 ab
431 3234 534 3295 ordine
549 3245 649 3294 nostro
663 3232 694 3292 in
708 3232 841 3294 oratione
857 3233 954 3294 Crassi
970 3229 1109 3310 scripturn
1125 3255 1156 3304 30

70 3327 189 3403 copiose
209 3329 352 3390 videmus.
396 3325 562 3407 Hanc-ego
583 3330 829 3390 consuetudinem
848 3329 1037 3407 benignitatis
1059 3332 1112 3390 lar-

67 3425 171 3500 gitioni
185 3447 341 3489 munerum
356 3429 443 3503 longe
458 3438 616 3504 antepono.
648 3430 735 3489 Haec
750 3439 795 3489 est
809 3427 940 3505 gravium
954 3428 1110 3488 hominum

68 3535 156 3602 atque
174 3545 355 3604 magnorum,
372 3525 421 3584 illa
441 3524 525 3602 quasi
546 3526 767 3586 adsentatorum
787 3525 891 3603 populi
914 3525 1111 3587 multitudiuis

116 3744 132 3788 4
148 3732 201 3776 tum
217 3725 298 3790 ipsum
314 3727 355 3775 Ba
371 3728 395 3775 Z
408 3727 439 3775 St
453 3727 534 3776 Heine
548 3727 588 3776 Lu
604 3708 712 3788 Madvig
726 3726 771 3786 (ad
781 3685 1109 3792 fin.11§65p.a54)cicm

63 3802 151 3866 pauci}
159 3804 203 3852 sed
210 3804 315 3868 ‹rptumis
325 3805 387 3853 codd.
393 3840 400 3864 ,
410 3804 538 3868 vulgatum
550 3811 633 3853 tamen
644 3805 698 3869 ipsa
709 3806 799 3856 malerit
810 3807 848 3856 Or
881 3810 891 3866 l
928 3821 957 3871 31
974 3805 1040 3856 hanc
1049 3823 1110 3872 ergo

67 3883 132 3932 codd.
143 3883 174 3932 ab
183 3885 232 3944 Lu,
245 3885 310 3934 hanc
321 3900 368 3948 ego
379 3885 531 3944 Lactantius,
545 3885 586 3932 Ba
600 3887 637 3933 Or
646 3885 669 3935 Z
678 3885 759 3935 Herm
1102 3936 1105 3940 ,
1133 3880 1256 3944 ¹

930 3985 1036 4045 ⁴6-r.
