<?xml version="1.0" encoding="UTF-8"?>
<!DOCTYPE html PUBLIC "-//W3C//DTD XHTML 1.0 Transitional//EN"
    "http://www.w3.org/TR/xhtml1/DTD/xhtml1-transitional.dtd">
<html xmlns="http://www.w3.org/1999/xhtml" xml:lang="en" lang="en">
 <head>
  <title>
</title>
<meta http-equiv="Content-Type" content="text/html;charset=utf-8" />
  <meta name='ocr-system' content='tesseract 3.04.00' />
  <meta name='ocr-capabilities' content='ocr_page ocr_carea ocr_par ocr_line ocrx_word'/>
</head>
<body>
  <div class='ocr_page' id='page_1' title='image "./mtciceronisdeof00cicegoog_0082.png"; bbox 0 0 2670 4296; ppageno 0'>
   <div class='ocr_carea' id='block_1_1' title="bbox 100 218 1143 308">
    <p class='ocr_par' dir='ltr' id='par_1_1' title="bbox 100 218 1143 308">
     <span class='ocr_line' id='line_1_1' title="bbox 100 218 1143 308; baseline 0.004 -27"><span class='ocrx_word' id='word_1_1' title='bbox 100 222 212 281; x_wconf 84' lang='lat' dir='ltr'>lxxrv</span> <span class='ocrx_word' id='word_1_2' title='bbox 225 218 277 302; x_wconf 88' lang='lat'>84]</span> <span class='ocrx_word' id='word_1_3' title='bbox 366 223 452 281; x_wconf 70' lang='lat' dir='ltr'>Vetas</span> <span class='ocrx_word' id='word_1_4' title='bbox 459 223 647 299; x_wconf 74' lang='lat' dir='ltr'>fortitudinis</span> <span class='ocrx_word' id='word_1_5' title='bbox 667 227 742 284; x_wconf 81' lang='lat' dir='ltr'>ratio</span> <span class='ocrx_word' id='word_1_6' title='bbox 761 233 878 285; x_wconf 77' lang='lat' dir='ltr'>externa</span> <span class='ocrx_word' id='word_1_7' title='bbox 1107 251 1143 308; x_wconf 83' lang='lat'>31</span> 
     </span>
    </p>
   </div>
   <div class='ocr_carea' id='block_1_2' title="bbox 39 385 1189 3563">
    <p class='ocr_par' dir='ltr' id='par_1_2' title="bbox 39 385 1189 3563">
     <span class='ocr_line' id='line_1_2' title="bbox 98 385 1146 474; baseline 0.011 -27"><span class='ocrx_word' id='word_1_8' title='bbox 98 385 175 464; x_wconf 86' lang='lat' dir='ltr'>quid</span> <span class='ocrx_word' id='word_1_9' title='bbox 197 389 360 449; x_wconf 90' lang='lat' dir='ltr'>crudeliter.</span> <span class='ocrx_word' id='word_1_10' title='bbox 403 390 500 466; x_wconf 89' lang='lat' dir='ltr'>quue</span> <span class='ocrx_word' id='word_1_11' title='bbox 521 401 565 450; x_wconf 93' lang='lat' dir='ltr'>est</span> <span class='ocrx_word' id='word_1_12' title='bbox 584 390 638 450; x_wconf 91' lang='lat' dir='ltr'>viri</span> <span class='ocrx_word' id='word_1_13' title='bbox 660 391 767 468; x_wconf 86' lang='lat' dir='ltr'>magni,</span> <span class='ocrx_word' id='word_1_14' title='bbox 792 394 879 453; x_wconf 90' lang='lat' dir='ltr'>rebus</span> <span class='ocrx_word' id='word_1_15' title='bbox 900 394 1015 472; x_wconf 86' lang='lat' dir='ltr'>agitatis</span> <span class='ocrx_word' id='word_1_16' title='bbox 1041 396 1146 474; x_wconf 86' lang='lat' dir='ltr'>punire</span> 
     </span>
     <span class='ocr_line' id='line_1_3' title="bbox 98 485 1146 570; baseline 0.01 -26"><span class='ocrx_word' id='word_1_17' title='bbox 98 495 210 559; x_wconf 87' lang='lat' dir='ltr'>sontes,</span> <span class='ocrx_word' id='word_1_18' title='bbox 230 485 451 546; x_wconf 88' lang='lat' dir='ltr'>multitudinem</span> <span class='ocrx_word' id='word_1_19' title='bbox 467 506 647 561; x_wconf 89' lang='lat' dir='ltr'>conservare,</span> <span class='ocrx_word' id='word_1_20' title='bbox 663 487 695 546; x_wconf 92' lang='lat' dir='ltr'>in</span> <span class='ocrx_word' id='word_1_21' title='bbox 715 488 799 548; x_wconf 93' lang='lat' dir='ltr'>omni</span> <span class='ocrx_word' id='word_1_22' title='bbox 819 490 937 550; x_wconf 82' lang='lat' dir='ltr'>fortuna</span> <span class='ocrx_word' id='word_1_23' title='bbox 956 504 1036 553; x_wconf 87' lang='lat' dir='ltr'>recta</span> <span class='ocrx_word' id='word_1_24' title='bbox 1055 504 1146 570; x_wconf 85' lang='lat' dir='ltr'>atque</span> 
     </span>
     <span class='ocr_line' id='line_1_4' title="bbox 98 580 1144 666; baseline 0.01 -27"><span class='ocrx_word' id='word_1_25' title='bbox 98 580 227 642; x_wconf 86' lang='lat' dir='ltr'>honesta</span> <span class='ocrx_word' id='word_1_26' title='bbox 244 582 376 642; x_wconf 90' lang='lat' dir='ltr'>retinere.</span> <span class='ocrx_word' id='word_1_27' title='bbox 420 584 464 642; x_wconf 92' lang='lat' dir='ltr'>Ut</span> <span class='ocrx_word' id='word_1_28' title='bbox 482 582 561 642; x_wconf 92' lang='lat' dir='ltr'>enim</span> <span class='ocrx_word' id='word_1_29' title='bbox 581 595 658 656; x_wconf 90' lang='lat' dir='ltr'>sunt,</span> <span class='ocrx_word' id='word_1_30' title='bbox 673 603 763 660; x_wconf 92' lang='lat' dir='ltr'>quem</span> <span class='ocrx_word' id='word_1_31' title='bbox 782 587 821 644; x_wconf 91' lang='lat' dir='ltr'>ad</span> <span class='ocrx_word' id='word_1_32' title='bbox 836 588 960 647; x_wconf 90' lang='lat' dir='ltr'>modum</span> <span class='ocrx_word' id='word_1_33' title='bbox 974 608 1061 666; x_wconf 90' lang='lat' dir='ltr'>supra</span> <span class='ocrx_word' id='word_1_34' title='bbox 1075 590 1144 664; x_wconf 78' lang='lat' dir='ltr'>dixi,</span> 
     </span>
     <span class='ocr_line' id='line_1_5' title="bbox 99 677 1148 760; baseline 0.008 -22"><span class='ocrx_word' id='word_1_35' title='bbox 99 677 153 754; x_wconf 91' lang='lat' dir='ltr'>qui</span> <span class='ocrx_word' id='word_1_36' title='bbox 180 679 298 739; x_wconf 90' lang='lat' dir='ltr'>urbanis</span> <span class='ocrx_word' id='word_1_37' title='bbox 325 681 412 740; x_wconf 90' lang='lat' dir='ltr'>rebus</span> <span class='ocrx_word' id='word_1_38' title='bbox 439 678 559 739; x_wconf 91' lang='lat' dir='ltr'>bellicas</span> <span class='ocrx_word' id='word_1_39' title='bbox 585 691 775 757; x_wconf 85' lang='lat' dir='ltr'><strong>anteponant,</strong></span> <span class='ocrx_word' id='word_1_40' title='bbox 804 681 846 743; x_wconf 90' lang='lat' dir='ltr'>sic</span> <span class='ocrx_word' id='word_1_41' title='bbox 879 683 1006 760; x_wconf 83' lang='lat' dir='ltr'>reperias</span> <span class='ocrx_word' id='word_1_42' title='bbox 1035 688 1148 746; x_wconf 70' lang='lat' dir='ltr'>multos·</span> 
     </span>
     <span class='ocr_line' id='line_1_6' title="bbox 99 775 1188 859; baseline 0.006 -23"><span class='ocrx_word' id='word_1_43' title='bbox 99 775 208 855; x_wconf 93' lang='lat' dir='ltr'>quibus</span> <span class='ocrx_word' id='word_1_44' title='bbox 235 775 399 852; x_wconf 90' lang='lat' dir='ltr'>periculosa</span> <span class='ocrx_word' id='word_1_45' title='bbox 425 787 455 836; x_wconf 90' lang='lat' dir='ltr'>et</span> <span class='ocrx_word' id='word_1_46' title='bbox 481 776 578 837; x_wconf 86' lang='lat' dir='ltr'>calida</span> <span class='ocrx_word' id='word_1_47' title='bbox 603 777 726 837; x_wconf 91' lang='lat' dir='ltr'>consilia</span> <span class='ocrx_word' id='word_1_48' title='bbox 752 777 859 854; x_wconf 89' lang='lat' dir='ltr'>quietis</span> <span class='ocrx_word' id='word_1_49' title='bbox 886 790 915 839; x_wconf 90' lang='lat' dir='ltr'>et</span> <span class='ocrx_word' id='word_1_50' title='bbox 949 781 1082 859; x_wconf 88' lang='lat' dir='ltr'>cogitatis</span> <span class='ocrx_word' id='word_1_51' title='bbox 1115 794 1146 843; x_wconf 93' lang='lat' dir='ltr'>et</span> <span class='ocrx_word' id='word_1_52' title='bbox 1173 803 1188 854; x_wconf 79' lang='lat'>5</span> 
     </span>
     <span class='ocr_line' id='line_1_7' title="bbox 99 872 1145 952; baseline 0.006 -20"><span class='ocrx_word' id='word_1_53' title='bbox 99 872 301 950; x_wconf 84' lang='lat' dir='ltr'>splendidiora</span> <span class='ocrx_word' id='word_1_54' title='bbox 327 883 358 933; x_wconf 94' lang='lat' dir='ltr'>et</span> <span class='ocrx_word' id='word_1_55' title='bbox 384 872 496 933; x_wconf 86' lang='lat' dir='ltr'>maiora</span> <span class='ocrx_word' id='word_1_56' title='bbox 522 872 684 933; x_wconf 87' lang='lat' dir='ltr'>videantur.</span> <span class='ocrx_word' id='word_1_57' title='bbox 728 875 774 947; x_wconf 86' lang='lat'>83.</span> <span class='ocrx_word' id='word_1_58' title='bbox 820 876 994 952; x_wconf 88' lang='lat' dir='ltr'><strong>Numquam</strong></span> <span class='ocrx_word' id='word_1_59' title='bbox 1022 877 1145 939; x_wconf 90' lang='lat' dir='ltr'>omnino</span> 
     </span>
     <span class='ocr_line' id='line_1_8' title="bbox 39 967 1146 1048; baseline 0.011 -27"><span class='ocrx_word' id='word_1_60' title='bbox 39 1016 43 1021; x_wconf 90' lang='lat'><em>.</em></span> <span class='ocrx_word' id='word_1_61' title='bbox 98 967 223 1045; x_wconf 91' lang='lat' dir='ltr'>periculi</span> <span class='ocrx_word' id='word_1_62' title='bbox 245 969 315 1045; x_wconf 85' lang='lat' dir='ltr'>fuga</span> <span class='ocrx_word' id='word_1_63' title='bbox 337 968 584 1028; x_wconf 90' lang='lat' dir='ltr'>committendum</span> <span class='ocrx_word' id='word_1_64' title='bbox 606 978 651 1028; x_wconf 91' lang='lat' dir='ltr'>est</span> <span class='ocrx_word' id='word_1_65' title='bbox 672 978 705 1027; x_wconf 90' lang='lat' dir='ltr'>ut</span> <span class='ocrx_word' id='word_1_66' title='bbox 729 967 852 1028; x_wconf 91' lang='lat' dir='ltr'>inbelles</span> <span class='ocrx_word' id='word_1_67' title='bbox 873 969 1028 1048; x_wconf 87' lang='lat' dir='ltr'>timidique</span> <span class='ocrx_word' id='word_1_68' title='bbox 1049 973 1146 1033; x_wconf 93' lang='lat' dir='ltr'>videa·</span> 
     </span>
     <span class='ocr_line' id='line_1_9' title="bbox 98 1064 1145 1145; baseline 0.005 -21"><span class='ocrx_word' id='word_1_69' title='bbox 98 1083 175 1140; x_wconf 92' lang='lat' dir='ltr'>mur,</span> <span class='ocrx_word' id='word_1_70' title='bbox 196 1066 251 1126; x_wconf 89' lang='lat' dir='ltr'>sed</span> <span class='ocrx_word' id='word_1_71' title='bbox 270 1064 443 1143; x_wconf 83' lang='lat' dir='ltr'>fugiendum</span> <span class='ocrx_word' id='word_1_72' title='bbox 463 1065 537 1125; x_wconf 91' lang='lat' dir='ltr'>illud</span> <span class='ocrx_word' id='word_1_73' title='bbox 557 1065 654 1138; x_wconf 88' lang='lat' dir='ltr'>etiam,</span> <span class='ocrx_word' id='word_1_74' title='bbox 680 1084 718 1124; x_wconf 93' lang='lat' dir='ltr'>ne</span> <span class='ocrx_word' id='word_1_75' title='bbox 746 1066 902 1125; x_wconf 83' lang='lat' dir='ltr'>offeramus</span> <span class='ocrx_word' id='word_1_76' title='bbox 930 1086 984 1127; x_wconf 91' lang='lat' dir='ltr'>nos</span> <span class='ocrx_word' id='word_1_77' title='bbox 1007 1069 1145 1145; x_wconf 92' lang='lat' dir='ltr'>periculis</span> 
     </span>
     <span class='ocr_line' id='line_1_10' title="bbox 98 1160 1144 1242; baseline 0.006 -21"><span class='ocrx_word' id='word_1_78' title='bbox 98 1160 163 1222; x_wconf 93' lang='lat' dir='ltr'>sine</span> <span class='ocrx_word' id='word_1_79' title='bbox 190 1179 287 1235; x_wconf 85' lang='lat' dir='ltr'>causa,</span> <span class='ocrx_word' id='word_1_80' title='bbox 316 1180 377 1237; x_wconf 89' lang='lat' dir='ltr'>quo</span> <span class='ocrx_word' id='word_1_81' title='bbox 404 1180 469 1221; x_wconf 89' lang='lat' dir='ltr'>esse</span> <span class='ocrx_word' id='word_1_82' title='bbox 496 1160 569 1220; x_wconf 90' lang='lat' dir='ltr'>nihil</span> <span class='ocrx_word' id='word_1_83' title='bbox 595 1172 693 1239; x_wconf 89' lang='lat' dir='ltr'>potest</span> <span class='ocrx_word' id='word_1_84' title='bbox 720 1161 843 1221; x_wconf 87' lang='lat' dir='ltr'>stultius.</span> <span class='ocrx_word' id='word_1_85' title='bbox 901 1165 1087 1242; x_wconf 89' lang='lat' dir='ltr'>Quapropter</span> <span class='ocrx_word' id='word_1_86' title='bbox 1113 1167 1144 1227; x_wconf 92' lang='lat' dir='ltr'>in</span> 
     </span>
     <span class='ocr_line' id='line_1_11' title="bbox 98 1259 1189 1340; baseline 0.005 -20"><span class='ocrx_word' id='word_1_87' title='bbox 98 1259 246 1321; x_wconf 87' lang='lat' dir='ltr'>adeundis</span> <span class='ocrx_word' id='word_1_88' title='bbox 268 1259 406 1337; x_wconf 91' lang='lat' dir='ltr'>periculis</span> <span class='ocrx_word' id='word_1_89' title='bbox 426 1261 611 1320; x_wconf 91' lang='lat' dir='ltr'>consuetudo</span> <span class='ocrx_word' id='word_1_90' title='bbox 635 1259 779 1319; x_wconf 88' lang='lat' dir='ltr'>imitanda</span> <span class='ocrx_word' id='word_1_91' title='bbox 805 1260 989 1321; x_wconf 89' lang='lat' dir='ltr'>medicorum</span> <span class='ocrx_word' id='word_1_92' title='bbox 1016 1275 1069 1336; x_wconf 93' lang='lat' dir='ltr'>est,</span> <span class='ocrx_word' id='word_1_93' title='bbox 1093 1264 1144 1340; x_wconf 92' lang='lat' dir='ltr'>qui</span> <span class='ocrx_word' id='word_1_94' title='bbox 1160 1290 1189 1326; x_wconf 88' lang='grc' dir='ltr'>ιο</span> 
     </span>
     <span class='ocr_line' id='line_1_12' title="bbox 98 1356 1143 1435; baseline 0.005 -20"><span class='ocrx_word' id='word_1_95' title='bbox 98 1356 202 1418; x_wconf 89' lang='lat' dir='ltr'>leviter</span> <span class='ocrx_word' id='word_1_96' title='bbox 225 1368 408 1435; x_wconf 87' lang='lat' dir='ltr'>aegrotantes</span> <span class='ocrx_word' id='word_1_97' title='bbox 434 1356 539 1416; x_wconf 91' lang='lat' dir='ltr'>leniter</span> <span class='ocrx_word' id='word_1_98' title='bbox 565 1368 676 1429; x_wconf 91' lang='lat' dir='ltr'>curant,</span> <span class='ocrx_word' id='word_1_99' title='bbox 700 1356 879 1434; x_wconf 89' lang='lat' dir='ltr'>gravioribus</span> <span class='ocrx_word' id='word_1_100' title='bbox 905 1368 1006 1418; x_wconf 89' lang='lat' dir='ltr'>autem</span> <span class='ocrx_word' id='word_1_101' title='bbox 1033 1360 1143 1420; x_wconf 92' lang='lat' dir='ltr'>morbis</span> 
     </span>
     <span class='ocr_line' id='line_1_13' title="bbox 97 1453 1144 1531; baseline 0.003 -18"><span class='ocrx_word' id='word_1_102' title='bbox 97 1453 277 1531; x_wconf 88' lang='lat' dir='ltr'>periculosas</span> <span class='ocrx_word' id='word_1_103' title='bbox 296 1454 461 1514; x_wconf 85' lang='lat' dir='ltr'>curationes</span> <span class='ocrx_word' id='word_1_104' title='bbox 482 1465 512 1514; x_wconf 93' lang='lat' dir='ltr'>et</span> <span class='ocrx_word' id='word_1_105' title='bbox 531 1453 673 1530; x_wconf 86' lang='lat' dir='ltr'>ancipites</span> <span class='ocrx_word' id='word_1_106' title='bbox 692 1453 831 1513; x_wconf 89' lang='lat' dir='ltr'>adhibere</span> <span class='ocrx_word' id='word_1_107' title='bbox 850 1465 1001 1530; x_wconf 88' lang='lat' dir='ltr'>coguntur.</span> <span class='ocrx_word' id='word_1_108' title='bbox 1044 1456 1144 1531; x_wconf 87' lang='lat' dir='ltr'>Quare</span> 
     </span>
     <span class='ocr_line' id='line_1_14' title="bbox 98 1550 1143 1629; baseline 0.003 -19"><span class='ocrx_word' id='word_1_109' title='bbox 98 1550 130 1610; x_wconf 91' lang='lat' dir='ltr'>in</span> <span class='ocrx_word' id='word_1_110' title='bbox 163 1552 320 1629; x_wconf 90' lang='lat' dir='ltr'>tranquillo</span> <span class='ocrx_word' id='word_1_111' title='bbox 354 1563 560 1629; x_wconf 89' lang='lat' dir='ltr'>tempestatem</span> <span class='ocrx_word' id='word_1_112' title='bbox 593 1552 746 1611; x_wconf 87' lang='lat' dir='ltr'>adversam</span> <span class='ocrx_word' id='word_1_113' title='bbox 777 1561 878 1626; x_wconf 89' lang='lat' dir='ltr'>optare</span> <span class='ocrx_word' id='word_1_114' title='bbox 909 1552 1055 1612; x_wconf 90' lang='lat' dir='ltr'>dementis</span> <span class='ocrx_word' id='word_1_115' title='bbox 1089 1565 1143 1627; x_wconf 90' lang='lat' dir='ltr'>est,</span> 
     </span>
     <span class='ocr_line' id='line_1_15' title="bbox 97 1646 1143 1728; baseline 0.007 -22"><span class='ocrx_word' id='word_1_116' title='bbox 97 1646 253 1708; x_wconf 88' lang='lat' dir='ltr'>subvenire</span> <span class='ocrx_word' id='word_1_117' title='bbox 279 1659 379 1708; x_wconf 88' lang='lat' dir='ltr'>autem</span> <span class='ocrx_word' id='word_1_118' title='bbox 406 1647 574 1724; x_wconf 90' lang='lat' dir='ltr'>tempestati</span> <span class='ocrx_word' id='word_1_119' title='bbox 601 1647 704 1722; x_wconf 92' lang='lat' dir='ltr'>quavis</span> <span class='ocrx_word' id='word_1_120' title='bbox 731 1646 843 1708; x_wconf 86' lang='lat' dir='ltr'>ratione</span> <span class='ocrx_word' id='word_1_121' title='bbox 870 1648 1018 1725; x_wconf 89' lang='lat' dir='ltr'>sapientis,</span> <span class='ocrx_word' id='word_1_122' title='bbox 1046 1671 1143 1728; x_wconf 92' lang='lat' dir='ltr'>eoque</span> 
     </span>
     <span class='ocr_line' id='line_1_16' title="bbox 98 1743 1185 1830; baseline 0.008 -27"><span class='ocrx_word' id='word_1_123' title='bbox 98 1743 201 1824; x_wconf 89' lang='lat' dir='ltr'>magis,</span> <span class='ocrx_word' id='word_1_124' title='bbox 224 1745 248 1807; x_wconf 95' lang='lat' dir='ltr'>si</span> <span class='ocrx_word' id='word_1_125' title='bbox 269 1747 335 1822; x_wconf 94' lang='lat' dir='ltr'>plus</span> <span class='ocrx_word' id='word_1_126' title='bbox 356 1745 518 1823; x_wconf 85' lang='lat' dir='ltr'>adipiscare</span> <span class='ocrx_word' id='word_1_127' title='bbox 542 1765 572 1806; x_wconf 90' lang='lat' dir='ltr'>re</span> <span class='ocrx_word' id='word_1_128' title='bbox 594 1746 741 1822; x_wconf 86' lang='lat' dir='ltr'>explicata</span> <span class='ocrx_word' id='word_1_129' title='bbox 764 1745 835 1806; x_wconf 93' lang='lat' dir='ltr'>boni</span> <span class='ocrx_word' id='word_1_130' title='bbox 857 1765 946 1822; x_wconf 90' lang='lat' dir='ltr'>qnam</span> <span class='ocrx_word' id='word_1_131' title='bbox 970 1749 1143 1812; x_wconf 89' lang='lat' dir='ltr'>addubitata</span> <span class='ocrx_word' id='word_1_132' title='bbox 1158 1773 1185 1830; x_wconf 75' lang='lat'>¹5</span> 
     </span>
     <span class='ocr_line' id='line_1_17' title="bbox 170 1843 1143 1927; baseline 0.008 -26"><span class='ocrx_word' id='word_1_133' title='bbox 170 1907 176 1919; x_wconf 51' lang='grc'><strong><em>,</em></strong></span> <span class='ocrx_word' id='word_1_134' title='bbox 349 1843 426 1903; x_wconf 87' lang='lat' dir='ltr'>mali.</span> <span class='ocrx_word' id='word_1_135' title='bbox 469 1843 655 1904; x_wconf 88' lang='lat' dir='ltr'>Periculosae</span> <span class='ocrx_word' id='word_1_136' title='bbox 679 1854 778 1903; x_wconf 88' lang='lat' dir='ltr'>autem</span> <span class='ocrx_word' id='word_1_137' title='bbox 802 1864 900 1903; x_wconf 89' lang='lat' dir='ltr'>rerum</span> <span class='ocrx_word' id='word_1_138' title='bbox 927 1846 1059 1909; x_wconf 89' lang='lat' dir='ltr'>actiones</span> <span class='ocrx_word' id='word_1_139' title='bbox 1080 1870 1143 1927; x_wconf 91' lang='lat' dir='ltr'>par-</span> 
     </span>
     <span class='ocr_line' id='line_1_18' title="bbox 98 1906 1143 2018; baseline 0.007 -19"><span class='ocrx_word' id='word_1_140' title='bbox 98 1907 202 1999; x_wconf 59' lang='lat' dir='ltr'>mceiffioe</span> <span class='ocrx_word' id='word_1_141' title='bbox 211 1906 315 2000; x_wconf 51' lang='lat'>332¹}</span> <span class='ocrx_word' id='word_1_142' title='bbox 350 1939 404 2000; x_wconf 90' lang='lat' dir='ltr'>tim</span> <span class='ocrx_word' id='word_1_143' title='bbox 437 1939 472 1999; x_wconf 92' lang='lat' dir='ltr'>iis</span> <span class='ocrx_word' id='word_1_144' title='bbox 507 1951 585 2006; x_wconf 92' lang='lat' dir='ltr'>sunt,</span> <span class='ocrx_word' id='word_1_145' title='bbox 608 1939 659 2015; x_wconf 94' lang='lat' dir='ltr'>qui</span> <span class='ocrx_word' id='word_1_146' title='bbox 686 1959 736 2000; x_wconf 91' lang='lat' dir='ltr'>eas</span> <span class='ocrx_word' id='word_1_147' title='bbox 763 1940 935 2017; x_wconf 90' lang='lat' dir='ltr'>suscipiunt,</span> <span class='ocrx_word' id='word_1_148' title='bbox 964 1944 1070 2018; x_wconf 88' lang='lat' dir='ltr'>partim</span> <span class='ocrx_word' id='word_1_149' title='bbox 1100 1945 1143 2006; x_wconf 90' lang='lat' dir='ltr'>rei</span> 
     </span>
     <span class='ocr_line' id='line_1_19' title="bbox 97 2009 1143 2118; baseline 0.006 -23"><span class='ocrx_word' id='word_1_150' title='bbox 97 2009 195 2060; x_wconf 53' lang='lat' dir='ltr'>dm*</span> <span class='ocrx_word' id='word_1_151' title='bbox 349 2036 493 2114; x_wconf 88' lang='lat' dir='ltr'>publicae.</span> <span class='ocrx_word' id='word_1_152' title='bbox 536 2038 673 2113; x_wconf 89' lang='lat' dir='ltr'>Itemque</span> <span class='ocrx_word' id='word_1_153' title='bbox 701 2035 749 2094; x_wconf 87' lang='lat' dir='ltr'>alii</span> <span class='ocrx_word' id='word_1_154' title='bbox 772 2037 809 2096; x_wconf 90' lang='lat' dir='ltr'>de</span> <span class='ocrx_word' id='word_1_155' title='bbox 831 2036 898 2109; x_wconf 85' lang='lat' dir='ltr'>vita,</span> <span class='ocrx_word' id='word_1_156' title='bbox 922 2037 971 2097; x_wconf 92' lang='lat' dir='ltr'>alii</span> <span class='ocrx_word' id='word_1_157' title='bbox 990 2039 1028 2099; x_wconf 90' lang='lat' dir='ltr'>de</span> <span class='ocrx_word' id='word_1_158' title='bbox 1051 2041 1143 2118; x_wconf 88' lang='lat' dir='ltr'>gloria</span> 
     </span>
     <span class='ocr_line' id='line_1_20' title="bbox 97 2122 1141 2211; baseline 0 -15"><span class='ocrx_word' id='word_1_159' title='bbox 97 2122 138 2196; x_wconf 24' lang='lat' dir='ltr'>et*</span> <span class='ocrx_word' id='word_1_160' title='bbox 153 2133 361 2196; x_wconf 89' lang='lat' dir='ltr'>benevolentia</span> <span class='ocrx_word' id='word_1_161' title='bbox 381 2132 491 2192; x_wconf 91' lang='lat' dir='ltr'>civium</span> <span class='ocrx_word' id='word_1_162' title='bbox 512 2131 543 2192; x_wconf 91' lang='lat' dir='ltr'>in</span> <span class='ocrx_word' id='word_1_163' title='bbox 570 2131 728 2192; x_wconf 90' lang='lat' dir='ltr'>discrimen</span> <span class='ocrx_word' id='word_1_164' title='bbox 751 2142 900 2191; x_wconf 88' lang='lat' dir='ltr'>vocantur.</span> <span class='ocrx_word' id='word_1_165' title='bbox 943 2135 1141 2211; x_wconf 88' lang='lat' dir='ltr'>Promptiores</span> 
     </span>
     <span class='ocr_line' id='line_1_21' title="bbox 96 2229 1186 2311; baseline 0 -18"><span class='ocrx_word' id='word_1_166' title='bbox 96 2231 184 2311; x_wconf 86' lang='lat' dir='ltr'>igitur</span> <span class='ocrx_word' id='word_1_167' title='bbox 205 2233 347 2293; x_wconf 88' lang='lat' dir='ltr'>debemus</span> <span class='ocrx_word' id='word_1_168' title='bbox 369 2251 433 2291; x_wconf 89' lang='lat' dir='ltr'>esse</span> <span class='ocrx_word' id='word_1_169' title='bbox 455 2232 494 2291; x_wconf 88' lang='lat' dir='ltr'>ad</span> <span class='ocrx_word' id='word_1_170' title='bbox 515 2242 614 2290; x_wconf 90' lang='lat' dir='ltr'>nostra</span> <span class='ocrx_word' id='word_1_171' title='bbox 635 2229 773 2306; x_wconf 88' lang='lat' dir='ltr'>pericula,</span> <span class='ocrx_word' id='word_1_172' title='bbox 798 2250 888 2306; x_wconf 87' lang='lat' dir='ltr'>quam</span> <span class='ocrx_word' id='word_1_173' title='bbox 911 2233 950 2291; x_wconf 87' lang='lat' dir='ltr'>ad</span> <span class='ocrx_word' id='word_1_174' title='bbox 972 2234 1142 2294; x_wconf 89' lang='lat' dir='ltr'>communia</span> <span class='ocrx_word' id='word_1_175' title='bbox 1155 2260 1186 2295; x_wconf 65' lang='grc' dir='ltr'>ιο</span> 
     </span>
     <span class='ocr_line' id='line_1_22' title="bbox 96 2327 1141 2406; baseline 0.003 -16"><span class='ocrx_word' id='word_1_176' title='bbox 96 2329 296 2406; x_wconf 89' lang='lat' dir='ltr'>dimicareque</span> <span class='ocrx_word' id='word_1_177' title='bbox 322 2327 450 2406; x_wconf 88' lang='lat' dir='ltr'>paratius</span> <span class='ocrx_word' id='word_1_178' title='bbox 479 2328 517 2387; x_wconf 90' lang='lat' dir='ltr'>de</span> <span class='ocrx_word' id='word_1_179' title='bbox 543 2329 656 2387; x_wconf 89' lang='lat' dir='ltr'>honore</span> <span class='ocrx_word' id='word_1_180' title='bbox 683 2338 713 2387; x_wconf 95' lang='lat' dir='ltr'>et</span> <span class='ocrx_word' id='word_1_181' title='bbox 740 2327 831 2404; x_wconf 85' lang='lat' dir='ltr'>gloria</span> <span class='ocrx_word' id='word_1_182' title='bbox 859 2347 948 2405; x_wconf 87' lang='lat' dir='ltr'>quam</span> <span class='ocrx_word' id='word_1_183' title='bbox 976 2330 1015 2390; x_wconf 90' lang='lat' dir='ltr'>de</span> <span class='ocrx_word' id='word_1_184' title='bbox 1037 2333 1141 2393; x_wconf 91' lang='lat' dir='ltr'>ceteris</span> 
     </span>
     <span class='ocr_line' id='line_1_23' title="bbox 95 2425 1141 2504; baseline 0.003 -17"><span class='ocrx_word' id='word_1_185' title='bbox 95 2427 269 2488; x_wconf 90' lang='lat' dir='ltr'>commodis.</span> <span class='ocrx_word' id='word_1_186' title='bbox 313 2431 360 2501; x_wconf 78' lang='lat'>84</span> <span class='ocrx_word' id='word_1_187' title='bbox 403 2425 521 2486; x_wconf 89' lang='lat' dir='ltr'>Inventi</span> <span class='ocrx_word' id='word_1_188' title='bbox 548 2437 647 2486; x_wconf 88' lang='lat' dir='ltr'>autem</span> <span class='ocrx_word' id='word_1_189' title='bbox 674 2425 759 2485; x_wconf 92' lang='lat' dir='ltr'>multi</span> <span class='ocrx_word' id='word_1_190' title='bbox 786 2437 854 2486; x_wconf 92' lang='lat' dir='ltr'>sunt</span> <span class='ocrx_word' id='word_1_191' title='bbox 882 2426 933 2504; x_wconf 91' lang='lat' dir='ltr'>qui</span> <span class='ocrx_word' id='word_1_192' title='bbox 960 2445 1022 2488; x_wconf 92' lang='lat' dir='ltr'>non</span> <span class='ocrx_word' id='word_1_193' title='bbox 1048 2431 1141 2490; x_wconf 91' lang='lat' dir='ltr'>modo</span> 
     </span>
     <span class='ocr_line' id='line_1_24' title="bbox 94 2522 1139 2604; baseline 0.004 -20"><span class='ocrx_word' id='word_1_194' title='bbox 94 2525 252 2602; x_wconf 89' lang='lat' dir='ltr'>pecuniam</span> <span class='ocrx_word' id='word_1_195' title='bbox 267 2526 320 2585; x_wconf 93' lang='lat' dir='ltr'>sed</span> <span class='ocrx_word' id='word_1_196' title='bbox 333 2523 423 2584; x_wconf 88' lang='lat' dir='ltr'>etiam</span> <span class='ocrx_word' id='word_1_197' title='bbox 437 2522 527 2585; x_wconf 87' lang='lat' dir='ltr'>vitam</span> <span class='ocrx_word' id='word_1_198' title='bbox 545 2525 721 2600; x_wconf 83' lang='lat' dir='ltr'>profundere</span> <span class='ocrx_word' id='word_1_199' title='bbox 741 2543 795 2601; x_wconf 93' lang='lat' dir='ltr'>pro</span> <span class='ocrx_word' id='word_1_200' title='bbox 813 2524 906 2601; x_wconf 88' lang='lat' dir='ltr'>patria</span> <span class='ocrx_word' id='word_1_201' title='bbox 923 2526 1016 2602; x_wconf 86' lang='lat' dir='ltr'>parati</span> <span class='ocrx_word' id='word_1_202' title='bbox 1032 2540 1139 2604; x_wconf 83' lang='lat' dir='ltr'>essent,</span> 
     </span>
     <span class='ocr_line' id='line_1_25' title="bbox 94 2618 1138 2698; baseline 0.001 -16"><span class='ocrx_word' id='word_1_203' title='bbox 94 2620 176 2682; x_wconf 90' lang='lat' dir='ltr'>idem</span> <span class='ocrx_word' id='word_1_204' title='bbox 196 2621 304 2698; x_wconf 90' lang='lat' dir='ltr'>gloriae</span> <span class='ocrx_word' id='word_1_205' title='bbox 325 2620 466 2680; x_wconf 87' lang='lat' dir='ltr'>iacturam</span> <span class='ocrx_word' id='word_1_206' title='bbox 486 2638 524 2679; x_wconf 91' lang='lat' dir='ltr'>ne</span> <span class='ocrx_word' id='word_1_207' title='bbox 545 2618 697 2677; x_wconf 90' lang='lat' dir='ltr'>minimam</span> <span class='ocrx_word' id='word_1_208' title='bbox 719 2619 840 2696; x_wconf 92' lang='lat' dir='ltr'>quidem</span> <span class='ocrx_word' id='word_1_209' title='bbox 859 2621 954 2681; x_wconf 83' lang='lat' dir='ltr'>facere</span> <span class='ocrx_word' id='word_1_210' title='bbox 968 2624 1085 2695; x_wconf 90' lang='lat' dir='ltr'>vellent,</span> <span class='ocrx_word' id='word_1_211' title='bbox 1100 2643 1138 2684; x_wconf 88' lang='lat' dir='ltr'>ne</span> 
     </span>
     <span class='ocr_line' id='line_1_26' title="bbox 93 2716 1183 2796; baseline 0.004 -19"><span class='ocrx_word' id='word_1_212' title='bbox 93 2717 258 2794; x_wconf 90' lang='lat' dir='ltr'>republica</span> <span class='ocrx_word' id='word_1_213' title='bbox 277 2717 399 2793; x_wconf 89' lang='lat' dir='ltr'>quidem</span> <span class='ocrx_word' id='word_1_214' title='bbox 419 2718 594 2792; x_wconf 88' lang='lat' dir='ltr'>postulante,</span> <span class='ocrx_word' id='word_1_215' title='bbox 610 2726 642 2774; x_wconf 91' lang='lat' dir='ltr'>ut</span> <span class='ocrx_word' id='word_1_216' title='bbox 662 2716 870 2788; x_wconf 89' lang='lat' dir='ltr'>Callicratidas,</span> <span class='ocrx_word' id='word_1_217' title='bbox 886 2716 945 2793; x_wconf 92' lang='lat' dir='ltr'>qui,</span> <span class='ocrx_word' id='word_1_218' title='bbox 960 2737 1029 2776; x_wconf 90' lang='lat' dir='ltr'>cum</span> <span class='ocrx_word' id='word_1_219' title='bbox 1049 2721 1138 2780; x_wconf 86' lang='lat' dir='ltr'>Lace·</span> <span class='ocrx_word' id='word_1_220' title='bbox 1153 2747 1183 2796; x_wconf 82' lang='lat'>²5</span> 
     </span>
     <span class='ocr_line' id='line_1_27' title="bbox 94 2811 1137 2890; baseline -0.001 -16"><span class='ocrx_word' id='word_1_221' title='bbox 94 2813 319 2874; x_wconf 90' lang='lat' dir='ltr'>daemoniorum</span> <span class='ocrx_word' id='word_1_222' title='bbox 333 2814 395 2872; x_wconf 85' lang='lat' dir='ltr'>dux</span> <span class='ocrx_word' id='word_1_223' title='bbox 409 2811 510 2871; x_wconf 87' lang='lat' dir='ltr'>fuisset</span> <span class='ocrx_word' id='word_1_224' title='bbox 524 2811 776 2887; x_wconf 89' lang='lat' dir='ltr'>Peloponnesiaco</span> <span class='ocrx_word' id='word_1_225' title='bbox 790 2813 868 2872; x_wconf 92' lang='lat' dir='ltr'>bello</span> <span class='ocrx_word' id='word_1_226' title='bbox 885 2815 1036 2890; x_wconf 87' lang='lat' dir='ltr'>multaque</span> <span class='ocrx_word' id='word_1_227' title='bbox 1055 2814 1137 2874; x_wconf 84' lang='lat' dir='ltr'>secis-</span> 
     </span>
     <span class='ocr_line' id='line_1_28' title="bbox 92 2908 1136 2989; baseline 0.001 -17"><span class='ocrx_word' id='word_1_228' title='bbox 92 2923 138 2972; x_wconf 90' lang='lat' dir='ltr'>set</span> <span class='ocrx_word' id='word_1_229' title='bbox 175 2910 297 2989; x_wconf 83' lang='lat' dir='ltr'>egregie,</span> <span class='ocrx_word' id='word_1_230' title='bbox 324 2908 409 2969; x_wconf 90' lang='lat' dir='ltr'>vertit</span> <span class='ocrx_word' id='word_1_231' title='bbox 436 2910 476 2969; x_wconf 93' lang='lat' dir='ltr'>ad</span> <span class='ocrx_word' id='word_1_232' title='bbox 502 2920 665 2969; x_wconf 86' lang='lat' dir='ltr'>extremum</span> <span class='ocrx_word' id='word_1_233' title='bbox 692 2910 800 2982; x_wconf 78' lang='lat' dir='ltr'>omnia,</span> <span class='ocrx_word' id='word_1_234' title='bbox 828 2929 897 2968; x_wconf 90' lang='lat' dir='ltr'>cum</span> <span class='ocrx_word' id='word_1_235' title='bbox 924 2911 1047 2971; x_wconf 92' lang='lat' dir='ltr'>consilio</span> <span class='ocrx_word' id='word_1_236' title='bbox 1075 2932 1136 2973; x_wconf 91' lang='lat' dir='ltr'>non</span> 
     </span>
     <span class='ocr_line' id='line_1_29' title="bbox 92 3005 1134 3086; baseline 0.001 -18"><span class='ocrx_word' id='word_1_237' title='bbox 92 3006 190 3086; x_wconf 88' lang='lat' dir='ltr'>paruit</span> <span class='ocrx_word' id='word_1_238' title='bbox 203 3026 307 3067; x_wconf 93' lang='lat' dir='ltr'>eorum</span> <span class='ocrx_word' id='word_1_239' title='bbox 325 3005 376 3083; x_wconf 91' lang='lat' dir='ltr'>qui</span> <span class='ocrx_word' id='word_1_240' title='bbox 395 3007 519 3065; x_wconf 89' lang='lat' dir='ltr'>classem</span> <span class='ocrx_word' id='word_1_241' title='bbox 535 3006 573 3065; x_wconf 87' lang='lat' dir='ltr'>ab</span> <span class='ocrx_word' id='word_1_242' title='bbox 594 3005 746 3082; x_wconf 86' lang='lat' dir='ltr'>Arginusis</span> <span class='ocrx_word' id='word_1_243' title='bbox 764 3008 973 3066; x_wconf 86' lang='lat' dir='ltr'>removendam</span> <span class='ocrx_word' id='word_1_244' title='bbox 992 3027 1047 3068; x_wconf 91' lang='lat' dir='ltr'>nec</span> <span class='ocrx_word' id='word_1_245' title='bbox 1065 3029 1134 3069; x_wconf 91' lang='lat' dir='ltr'>cum</span> 
     </span>
     <span class='ocr_line' id='line_1_30' title="bbox 91 3102 1135 3181; baseline 0.002 -16"><span class='ocrx_word' id='word_1_246' title='bbox 91 3103 324 3165; x_wconf 86' lang='lat' dir='ltr'>Atheniensibus</span> <span class='ocrx_word' id='word_1_247' title='bbox 348 3102 550 3162; x_wconf 88' lang='lat' dir='ltr'>dimicandum</span> <span class='ocrx_word' id='word_1_248' title='bbox 572 3103 723 3178; x_wconf 72' lang='lat' dir='ltr'>putabant·</span> <span class='ocrx_word' id='word_1_249' title='bbox 766 3102 881 3177; x_wconf 91' lang='lat' dir='ltr'>Quibus</span> <span class='ocrx_word' id='word_1_250' title='bbox 908 3103 957 3163; x_wconf 89' lang='lat' dir='ltr'>ille</span> <span class='ocrx_word' id='word_1_251' title='bbox 984 3106 1135 3181; x_wconf 89' lang='lat' dir='ltr'>respondit</span> 
     </span>
     <span class='ocr_line' id='line_1_31' title="bbox 92 3197 1181 3283; baseline 0.001 -23"><span class='ocrx_word' id='word_1_252' title='bbox 92 3199 347 3261; x_wconf 84' lang='lat' dir='ltr'>Lacedaemonios</span> <span class='ocrx_word' id='word_1_253' title='bbox 365 3201 457 3258; x_wconf 92' lang='lat' dir='ltr'>classe</span> <span class='ocrx_word' id='word_1_254' title='bbox 471 3197 520 3256; x_wconf 89' lang='lat' dir='ltr'>illa</span> <span class='ocrx_word' id='word_1_255' title='bbox 533 3197 640 3256; x_wconf 88' lang='lat' dir='ltr'>amissa</span> <span class='ocrx_word' id='word_1_256' title='bbox 660 3197 748 3256; x_wconf 89' lang='lat' dir='ltr'>aliam</span> <span class='ocrx_word' id='word_1_257' title='bbox 761 3217 861 3274; x_wconf 84' lang='lat' dir='ltr'>parare</span> <span class='ocrx_word' id='word_1_258' title='bbox 874 3217 969 3274; x_wconf 92' lang='lat' dir='ltr'>posse,</span> <span class='ocrx_word' id='word_1_259' title='bbox 985 3218 1017 3259; x_wconf 90' lang='lat' dir='ltr'>se</span> <span class='ocrx_word' id='word_1_260' title='bbox 1035 3203 1133 3278; x_wconf 85' lang='lat' dir='ltr'>fugere</span> <span class='ocrx_word' id='word_1_261' title='bbox 1149 3234 1181 3283; x_wconf 81' lang='lat'>30</span> 
     </span>
     <span class='ocr_line' id='line_1_32' title="bbox 91 3294 1134 3371; baseline 0 -13"><span class='ocrx_word' id='word_1_262' title='bbox 91 3297 157 3358; x_wconf 88' lang='lat' dir='ltr'>sine</span> <span class='ocrx_word' id='word_1_263' title='bbox 177 3316 232 3357; x_wconf 93' lang='lat' dir='ltr'>suo</span> <span class='ocrx_word' id='word_1_264' title='bbox 253 3298 399 3357; x_wconf 89' lang='lat' dir='ltr'>dedecore</span> <span class='ocrx_word' id='word_1_265' title='bbox 419 3315 480 3355; x_wconf 90' lang='lat' dir='ltr'>non</span> <span class='ocrx_word' id='word_1_266' title='bbox 501 3314 595 3371; x_wconf 88' lang='lat' dir='ltr'>posse.</span> <span class='ocrx_word' id='word_1_267' title='bbox 637 3297 737 3370; x_wconf 89' lang='lat' dir='ltr'>Atque</span> <span class='ocrx_word' id='word_1_268' title='bbox 758 3296 832 3354; x_wconf 89' lang='lat' dir='ltr'>haec</span> <span class='ocrx_word' id='word_1_269' title='bbox 845 3294 967 3370; x_wconf 90' lang='lat' dir='ltr'>quidem</span> <span class='ocrx_word' id='word_1_270' title='bbox 988 3299 1134 3358; x_wconf 88' lang='lat' dir='ltr'>Lacedae·</span> 
     </span>
     <span class='ocr_line' id='line_1_33' title="bbox 90 3390 1133 3470; baseline -0.001 -17"><span class='ocrx_word' id='word_1_271' title='bbox 90 3392 201 3454; x_wconf 91' lang='lat' dir='ltr'>moniis</span> <span class='ocrx_word' id='word_1_272' title='bbox 223 3395 310 3470; x_wconf 90' lang='lat' dir='ltr'>plaga</span> <span class='ocrx_word' id='word_1_273' title='bbox 333 3390 498 3462; x_wconf 89' lang='lat' dir='ltr'>mediocris,</span> <span class='ocrx_word' id='word_1_274' title='bbox 519 3391 569 3449; x_wconf 90' lang='lat' dir='ltr'>illa</span> <span class='ocrx_word' id='word_1_275' title='bbox 591 3391 728 3466; x_wconf 80' lang='lat' dir='ltr'>pestifera</span> <span class='ocrx_word' id='word_1_276' title='bbox 747 3409 814 3466; x_wconf 89' lang='lat' dir='ltr'>qua,</span> <span class='ocrx_word' id='word_1_277' title='bbox 837 3409 906 3448; x_wconf 91' lang='lat' dir='ltr'>cum</span> <span class='ocrx_word' id='word_1_278' title='bbox 927 3391 1133 3452; x_wconf 91' lang='lat' dir='ltr'>Cleombrotus</span> 
     </span>
     <span class='ocr_line' id='line_1_34' title="bbox 90 3486 1134 3563; baseline -0.001 -13"><span class='ocrx_word' id='word_1_279' title='bbox 90 3489 234 3550; x_wconf 89' lang='lat' dir='ltr'>invidiam</span> <span class='ocrx_word' id='word_1_280' title='bbox 255 3489 362 3550; x_wconf 90' lang='lat' dir='ltr'>timens</span> <span class='ocrx_word' id='word_1_281' title='bbox 383 3500 494 3549; x_wconf 90' lang='lat' dir='ltr'>temere</span> <span class='ocrx_word' id='word_1_282' title='bbox 515 3507 583 3546; x_wconf 86' lang='lat' dir='ltr'>cum</span> <span class='ocrx_word' id='word_1_283' title='bbox 609 3487 816 3563; x_wconf 85' lang='lat' dir='ltr'>Epaminonda</span> <span class='ocrx_word' id='word_1_284' title='bbox 836 3486 1020 3561; x_wconf 85' lang='lat' dir='ltr'>conflixisset,</span> <span class='ocrx_word' id='word_1_285' title='bbox 1044 3490 1134 3549; x_wconf 86' lang='lat' dir='ltr'>Lace·</span> 
     </span>
    </p>
   </div>
   <div class='ocr_carea' id='block_1_3' title="bbox 89 3583 1132 3662">
    <p class='ocr_par' dir='ltr' id='par_1_3' title="bbox 89 3583 1132 3662">
     <span class='ocr_line' id='line_1_35' title="bbox 89 3583 1132 3662; baseline -0.003 -13"><span class='ocrx_word' id='word_1_286' title='bbox 89 3586 316 3649; x_wconf 82' lang='lat' dir='ltr'>daemoniorum</span> <span class='ocrx_word' id='word_1_287' title='bbox 330 3606 402 3662; x_wconf 89' lang='lat' dir='ltr'>opes</span> <span class='ocrx_word' id='word_1_288' title='bbox 423 3594 600 3645; x_wconf 86' lang='lat' dir='ltr'>corruerunt.</span> <span class='ocrx_word' id='word_1_289' title='bbox 643 3586 763 3659; x_wconf 88' lang='lat' dir='ltr'>Quanto</span> <span class='ocrx_word' id='word_1_290' title='bbox 785 3585 821 3659; x_wconf 87' lang='lat' dir='ltr'>Q.</span> <span class='ocrx_word' id='word_1_291' title='bbox 839 3583 987 3645; x_wconf 88' lang='lat' dir='ltr'>Maximus</span> <span class='ocrx_word' id='word_1_292' title='bbox 1007 3585 1132 3646; x_wconf 84' lang='lat' dir='ltr'>melius!</span> 
     </span>
    </p>
   </div>
   <div class='ocr_carea' id='block_1_4' title="bbox 360 3776 867 3843">
    <p class='ocr_par' dir='ltr' id='par_1_4' title="bbox 360 3776 867 3843">
     <span class='ocr_line' id='line_1_36' title="bbox 360 3776 867 3843; baseline 0.002 -18"><span class='ocrx_word' id='word_1_293' title='bbox 360 3791 373 3839; x_wconf 80' lang='lat'><strong>5</strong></span> <span class='ocrx_word' id='word_1_294' title='bbox 391 3777 478 3843; x_wconf 88' lang='lat' dir='ltr'>quietis</span> <span class='ocrx_word' id='word_1_295' title='bbox 488 3776 678 3842; x_wconf 84' lang='lat' dir='ltr'>cogitationibus</span> <span class='ocrx_word' id='word_1_296' title='bbox 688 3778 717 3826; x_wconf 83' lang='lat' dir='ltr'>St</span> <span class='ocrx_word' id='word_1_297' title='bbox 726 3792 756 3826; x_wconf 84' lang='lat' dir='ltr'>ex</span> <span class='ocrx_word' id='word_1_298' title='bbox 766 3777 842 3826; x_wconf 82' lang='lat' dir='ltr'>Bern.</span> <span class='ocrx_word' id='word_1_299' title='bbox 853 3791 867 3826; x_wconf 86' lang='lat' dir='ltr'>c</span> 
     </span>
    </p>
   </div>
   <div class='ocr_carea' id='block_1_5' title="bbox 0 0 1340 4296">
    <p class='ocr_par' dir='ltr' id='par_1_5' title="bbox 0 0 1340 4296">
     <span class='ocr_line' id='line_1_37' title="bbox 0 0 1340 4296; baseline 0 3"><span class='ocrx_word' id='word_1_300' title='bbox 0 0 1340 4296; x_wconf 95' lang='lat' dir='ltr'> </span> 
     </span>
    </p>
   </div>
  </div>
 </body>
</html>
