2670 4296
216 247 272 304 116
467 243 516 301 Do
534 243 703 302 contentione
721 240 845 301 Honesti
860 250 887 302 et
912 243 999 303 (nito
1072 228 1135 324 [111
1149 260 1255 324 x1u59

212 454 294 498 ,m
315 454 341 498 0,
363 454 426 506 sym·
463 412 618 488 Syracusas
643 409 764 483 otiandi,
787 420 819 470 ut
843 409 906 486 ipse
930 409 1027 470 dicere
1049 412 1170 485 solebat,
1193 431 1255 472 non

213 520 271 557 cese,
464 504 635 582 negotiandi
649 499 741 564 causa
752 505 931 577 contulisset,
946 505 1098 592 dictitabat
1112 526 1144 567 se
1158 507 1256 567 hortu·

213 606 258 665 los
271 602 386 680 aliquos
400 621 498 662 emere
511 602 596 673 velle,
612 620 672 677 quo
686 601 808 662 invitare
822 601 933 662 amicos
952 612 981 662 et
995 603 1046 662 ubi
1060 623 1092 662 se
1107 605 1254 666 oblectare

213 701 276 761 sine
300 696 565 774 interpellatoribus
585 708 692 774 posset.
737 699 828 774 Quod
848 717 916 758 cum
936 699 1171 775 percrebruisset,
1200 703 1254 778 Py·

212 796 291 857 thius
305 796 333 856 ei
347 793 476 871 quidam,
492 793 542 869 qui
556 794 748 871 argentariam
761 795 870 854 faceret
888 795 1044 872 Syracusis,
1059 798 1178 856 venales
1192 796 1253 876 qui·
1283 823 1297 873 5

213 895 283 954 dem
304 913 335 953 se
356 893 455 952 hortos
476 911 538 952 non
558 892 673 963 habere,
695 892 749 952 sed
769 890 856 950 licere
876 892 919 951 uti
941 892 1043 965 Canio,
1066 893 1090 952 si
1110 895 1205 965 vellet,
1222 905 1254 954 ut

213 989 280 1062 suis,
297 999 326 1049 et
339 988 426 1048 simul
439 988 478 1046 ad
493 1007 597 1047 cenam
617 987 767 1048 hominem
788 987 820 1047 in
840 989 940 1048 hortos
961 987 1093 1048 invitavit
1113 988 1144 1048 in
1157 1001 1253 1066 poste-

155 1064 161 1082 ⁸
212 1104 278 1144 rum
299 1083 387 1144 diem.
430 1085 508 1144 Cum
535 1083 584 1143 ille
606 1082 795 1159 promisisset,
817 1094 880 1144 tum
901 1084 1031 1162 Pythius,
1053 1084 1104 1162 qui
1124 1097 1201 1147 esset
1220 1097 1253 1146 ut

212 1181 390 1260 argentarius
404 1182 483 1257 apud
497 1200 601 1240 omnes
614 1181 732 1241 ordines
745 1181 896 1259 gratiosus,
910 1182 1069 1258 piscatores
1087 1184 1126 1242 ad
1140 1204 1171 1244 se
1185 1203 1254 1243 con·

212 1279 327 1341 vocavit
348 1289 377 1340 et
397 1280 436 1339 ab
456 1278 491 1338 iis
511 1278 622 1355 petivit,
636 1289 669 1338 ut
687 1289 755 1339 ante
773 1298 843 1338 suos
860 1281 993 1339 hortulos
1006 1279 1147 1356 postridie
1161 1280 1253 1357 pisca·
1269 1307 1298 1342 ιο

212 1387 320 1448 rentur,
336 1375 468 1452 dixitque
482 1374 555 1452 quid
569 1395 620 1435 eos
634 1377 729 1436 facere
742 1377 838 1436 vellet.
879 1377 930 1436 Ad
948 1396 1052 1436 cenam
1071 1378 1193 1455 temperi
1206 1372 1254 1439 ve·

214 1473 257 1534 nit
271 1474 395 1535 Canius:
411 1472 530 1549 opipare
544 1493 561 1532 a
577 1473 682 1551 Pythio
701 1475 872 1550 adparatum
892 1475 1068 1548 convivium,
1080 1477 1250 1536 cumbarum

213 1581 281 1631 ante
296 1573 399 1632 oculos
413 1570 571 1630 multitudo
576 1592 584 1644 ;
603 1590 658 1647 pro
671 1589 702 1630 se
717 1570 840 1647 quisque
855 1573 937 1648 quod
950 1583 1075 1649 ceperat,
1088 1575 1253 1648 adserebat3

213 1679 282 1727 ante
313 1668 404 1744 pedes
434 1666 531 1744 P'ythii
551 1667 646 1744 pisces
667 1666 874 1727 abiciebantur.
927 1687 973 1746 59.
1015 1672 1095 1729 Tum
1124 1671 1252 1732 Canius:

214 1765 359 1838 ‘Quaeso’
374 1762 468 1840 inquit
484 1763 569 1840 ‘quid
582 1775 627 1823 est
648 1764 715 1835 hoc,
731 1762 836 1839 Pythi?
855 1775 1009 1824 tantumne
1029 1765 1172 1842 piscium?
1191 1777 1253 1826 tan-
1269 1789 1297 1836 15

148 1897 151 1901 -
213 1873 315 1922 tumne
329 1860 529 1921 cumbamm?'
558 1863 596 1920 Et
610 1860 658 1920 ille
673 1860 768 1935 ‘Quid
782 1859 1028 1938 mirumi'inquit
1043 1864 1194 1925 ‘hocloco
1208 1876 1253 1925 est

214 1954 362 2034 Syracusis
383 1955 527 2031 quidquid
547 1966 592 2015 est
611 1954 744 2032 piscium,
759 1955 807 2014 hic
828 1955 955 2033 aquatio,
977 1957 1032 2016 hac
1052 1957 1121 2017 villa
1140 1957 1187 2018 isti
1208 1978 1255 2018 ca-

214 2071 276 2113 rere
290 2071 351 2112 non
364 2051 505 2129 possunt!
540 2053 683 2111 Incensus
698 2051 808 2112 Canius
822 2051 982 2128 cupiditate
1000 2054 1152 2114 contendit
1166 2074 1184 2113 a
1198 2057 1254 2133 Py·

214 2149 277 2209 thio
290 2159 323 2208 ut
336 2148 483 2208 venderet
527 2149 653 2207 Gravate
667 2147 714 2206 ille
728 2147 831 2223 primo.
875 2147 957 2221 Quid
976 2149 1088 2207 multa?
1108 2147 1251 2224 impetrat

215 2244 295 2306 Emit
313 2246 405 2305 homo
422 2243 548 2321 cupidus
565 2255 595 2304 et
613 2246 743 2321 locuples
757 2244 839 2316 tanti,
855 2243 958 2320 quanti
973 2243 1093 2320 Pythius
1106 2244 1208 2317 voluit,
1223 2256 1253 2306 et
1267 2272 1300 2306 το

213 2343 284 2404 emit
298 2343 462 2402 instructos.
505 2342 635 2402 Nomina
648 2341 725 2415 lacit,
741 2340 891 2418 negotium
905 2341 1031 2400 conficit
1075 2340 1183 2400 Invitat
1198 2343 1254 2402 Ca·

214 2440 279 2500 nius
297 2440 437 2517 postridie
456 2438 610 2499 familiares
629 2458 707 2511 suoS,
721 2439 801 2498 venit
820 2438 883 2515 ipse
897 2449 1018 2509 mature,
1034 2439 1175 2496 scalmum
1190 2440 1253 2497 nul-

213 2541 276 2598 lum
296 2537 383 2597 videt
427 2535 548 2611 Quaerit
568 2556 605 2596 ex
625 2536 757 2613 proximo
777 2536 875 2595 vicino
899 2555 970 2594 num
991 2535 1079 2595 seriae
1105 2537 1252 2611 quaedam

213 2633 391 2709 piscatorum
411 2642 517 2703 essent,
539 2631 621 2706 quod
640 2650 692 2690 eos
716 2633 812 2690 nullos
835 2631 969 2690 videret?
1010 2632 1144 2703 ‘Nullae
1169 2633 1252 2707 quod

213 2727 321 2788 sciam'
353 2727 448 2803 inquit
481 2727 552 2786 ‘sed
583 2727 631 2784 hic
663 2724 768 2802 piscari
799 2725 873 2784 nulli
905 2726 1018 2784 solent:
1056 2724 1155 2800 itaque
1188 2727 1253 2786 heri
1267 2749 1297 2798 ²5

465 2822 590 2882 mirabar
603 2822 675 2898 quid
688 2820 859 2880 accidisset'
913 2824 960 2878 60.
1002 2818 1183 2879 Stomachari
1197 2821 1254 2880 Ca·

214 2900 428 3000 fflssffhmlssffiss
465 2921 607 2980 niuszsed
616 2919 690 2996 quid
700 2921 825 2978 faceret?
839 2918 982 2977 Nondum
990 2915 1252 2991 enimCAquilius

213 3000 427 3091 ffigffisslfflssfflj
463 3015 576 3090 collega
595 3024 625 3072 et
644 3011 792 3071 familiaris
818 3031 901 3071 meus
927 3011 1088 3086 protulerat
1114 3009 1153 3068 de
1180 3010 1252 3069 dolo

213 3103 256 3151 ‘'¹‘’
278 3114 302 3141 ⁹⁰
322 3100 368 3140 ‘¹¹²²
389 3100 425 3140 ‘h‘
463 3113 543 3169 malo
557 3111 710 3169 formulas:
731 3108 882 3184 inquibus
896 3107 966 3183 ipsis
980 3125 1046 3165 cum
1061 3124 1149 3165 exeo
1164 3125 1253 3181 quae·

213 3159 344 3201 perpetrator
367 3150 392 3190 ol
409 3150 426 3190 it

214 3200 426 3290 ffidffigfflf
463 3218 572 3265 reretur
597 3206 671 3281 quid
697 3215 774 3264 esset
801 3204 888 3263 dolus
914 3204 1016 3272 malus,
1043 3202 1251 3276 1e⁵P⁰¹¹deb²¹s
1264 3227 1298 3274 30

214 3300 369 3350 mim
464 3322 533 3361 cum
551 3315 629 3362 esset
646 3302 728 3361 aliud
745 3302 921 3371 simulatum,
936 3299 1017 3358 aliud
1029 3311 1136 3357 actum.
1179 3301 1252 3359 Hoc

213 3401 335 3476 quidem
354 3418 423 3459 sane
442 3401 598 3471 luculente,
613 3411 646 3458 ut
663 3399 702 3457 ab
720 3396 841 3456 homine
855 3395 948 3472 perito
962 3394 1128 3454 definiendi
1171 3397 1253 3472 Ergo

213 3510 243 3558 et
264 3497 384 3574 Pythius
410 3508 441 3556 et
461 3515 564 3555 omnes
585 3495 666 3554 aliud
691 3505 819 3570 agentes,
841 3491 923 3550 aliud
942 3490 1112 3548 simulantes
1132 3492 1246 3566 perfidi,

212 3594 347 3672 improbi,
369 3593 515 3652 malitiosi
557 3594 681 3650 Nullum
704 3591 791 3667 igitur
810 3607 913 3649 eorum
932 3589 1042 3646 netum
1062 3598 1160 3663 potest
1179 3587 1253 3649 utile

211 3713 286 3764 eme,
300 3711 368 3750 cum
382 3691 419 3750 sit
433 3702 478 3750 tot
490 3689 567 3748 vitiis
581 3688 774 3764 inquinatum
1265 3708 1298 3755 35

149 3805 201 3853 xv
237 3800 425 3869 Ddunjmfiup
522 3790 569 3845 61.
614 3784 731 3860 Quodsi
748 3781 908 3858 Aquiliana
920 3780 1254 3852 definitioveraemx
1317 3822 1323 3827 -

211 3865 320 3946 illm
351 3850 425 3893 “ff
460 3884 614 3944 omnivira
625 3878 1038 3955 emunuonermuueoque
1050 3879 1182 3938 torenna
1193 3892 1249 3939 est
