2670 4296
63 227 65 230 ·
161 197 378 282 Ixxx1v124]
458 210 581 262 naturae
598 206 828 262 conservaturam
842 206 966 279 perimet
1164 218 1201 279 45

159 368 244 462 {³⁶30ss
254 369 313 412 Μή
325 370 370 410 An·
410 371 516 431 imitari
537 371 702 448 possit—ut
722 371 877 448 superioris
897 371 973 430 filius
994 371 1133 445 Africani,
1152 369 1204 447 qui

158 472 240 530 hunc
261 472 352 531 Paulo
373 481 473 529 natum
494 467 653 544 adoptavit,
673 479 792 544 propter
811 467 1008 526 infirmitatem
1028 464 1204 526 valetudinis

158 582 220 624 non
247 575 308 623 tarn
335 563 430 640 potuit
456 560 545 638 patris
570 559 672 619 similis
695 578 767 631 esse,
793 579 883 635 quam
907 559 956 619 ille
980 562 1072 618 fuerat
1094 557 1204 618 sui—si

158 655 244 734 igitur
267 676 329 716 non
349 654 456 733 poterit
480 653 540 713 sive
562 673 664 712 causas
689 651 864 712 defensitare
888 651 948 711 sive
969 653 1111 729 populum
1134 670 1204 710 con·

157 747 287 808 tionibus
306 759 406 808 tenere
428 746 488 806 sive
508 746 586 805 bella
605 764 712 822 gerere,
727 744 778 803 illa
797 755 896 803 tamen
914 756 1059 820 praestare
1074 744 1202 816 debebit,
1232 777 1245 827 5
1312 827 1315 831 ι

157 861 234 919 quae
255 855 340 902 erunt
360 843 390 902 in
410 841 501 919 ipsius
521 851 675 918 potestate,
698 837 837 898 iustitiam
868 840 959 898 fidem
989 839 1202 911 liberalitatem,
1307 845 1309 848 ’

157 937 333 997 modestiam
364 935 595 1012 temperantiam,
621 955 681 1011 quo
709 934 805 994 minus
832 936 870 994 ab
898 955 935 994 eo
962 933 993 993 id
1022 935 1104 1010 quod
1127 933 1204 994 desit

157 1034 325 1112 requiratur.
389 1035 522 1109 Optuma
555 1043 652 1090 autem
686 1030 832 1090 hereditas
865 1050 884 1088 a
920 1029 1048 1105 patribus
1082 1030 1204 1091 traditur

157 1131 255 1192 liberis
269 1130 408 1206 omnique
422 1128 598 1207 patrimonio
612 1128 804 1204 praestantior
816 1127 908 1204 gloria
920 1127 1033 1188 virtutis
1047 1147 1202 1204 rerumque

157 1237 312 1306 gestarum,
327 1226 375 1285 cui
390 1223 529 1285 dedecori
542 1243 606 1282 esse
620 1224 701 1283 nefas
715 1236 745 1283 et
758 1222 860 1282 vitium
875 1222 1065 1282 iudicandum
1081 1235 1132 1282 est.
1217 1247 1247 1282 10

52 1333 145 1386 xxlv
182 1346 278 1389 moth„
291 1353 334 1387 ,0st
348 1346 372 1387 ,f
470 1338 533 1377 122.
571 1319 610 1375 Et
630 1316 770 1393 quoniam
785 1315 881 1376 officia
901 1336 961 1375 non
982 1318 1086 1376 eadem
1107 1315 1203 1393 dispa-

156 1397 369 1498 ffiffisssffiffif
406 1415 485 1475 ribus
503 1414 647 1475 aetatibus
661 1414 826 1474 tribuuntur
840 1414 955 1490 aliaque
970 1425 1037 1473 sunt
1051 1413 1200 1488 iuvenum,

156 1498 207 1549 ’δι’
216 1498 365 1584 ῘΫΟΜΑΨ·
407 1510 464 1570 alia
477 1509 633 1582 seniorum,
648 1508 760 1585 aliquid
777 1509 865 1570 etiam
880 1511 918 1570 de
939 1511 995 1568 hac
1014 1508 1201 1570 distinctione

156 1571 369 1675 aiiiiissmlm
407 1607 565 1667 dicendum
586 1617 637 1666 est.
682 1609 734 1665 Est
753 1605 839 1683 igitur
859 1606 1055 1666 adulescentis
1077 1606 1201 1667 maiores

156 1718 227 1767 natu
240 1705 331 1767 vereri
346 1724 440 1781 exque
454 1704 489 1762 iis
503 1703 630 1780 deligere
644 1703 771 1780 optimos
785 1714 814 1762 et
829 1703 1058 1779 probatissimos
1075 1723 1200 1779 quorum
1216 1728 1242 1777 ¹5

156 1802 279 1863 consilio
296 1814 384 1878 atque
403 1801 573 1861 auctoritate
589 1800 697 1859 nitatur
706 1823 715 1875 3
735 1799 863 1859 ineuntis
877 1800 956 1859 enim
971 1801 1072 1860 aetatis
1087 1799 1201 1860 inscitia

156 1916 262 1956 senum
275 1897 481 1956 constituenda
494 1907 523 1956 et
537 1898 665 1972 regenda
678 1895 832 1972 pmdentia
846 1907 897 1956 est
948 1899 1088 1955 Maxume
1102 1907 1200 1956 autem

156 1993 231 2053 haec
257 2004 337 2052 aetas
364 2013 382 2052 a
405 1992 575 2052 libidinibus
596 1994 723 2052 arcenda
743 2005 787 2053 est
808 1995 1029 2069 exercendaque
1050 1993 1080 2052 in
1100 1994 1199 2054 labore

156 2089 353 2168 patientiaque
376 2100 406 2148 et
423 2088 514 2147 animi
530 2101 560 2148 et
576 2088 713 2164 corporis,
731 2099 763 2148 ut
782 2109 884 2148 eorum
903 2089 979 2149 etin
996 2089 1107 2149 bellicis
1123 2101 1153 2149 et
1168 2089 1200 2148 in

156 2186 290 2246 civilibus
316 2185 418 2256 officiis
441 2184 537 2262 vigeat
560 2184 709 2244 industria
753 2189 851 2261 Atque
875 2185 963 2246 etiam
984 2205 1052 2244 curn
1072 2189 1199 2247 relaxare
1212 2214 1244 2248 20

157 2283 271 2343 animos
291 2295 321 2342 et
343 2284 412 2343 dare
432 2303 463 2343 se
482 2282 655 2342 iucunditati
671 2284 779 2355 volent,
794 2294 916 2342 caveant
936 2282 1198 2359 intemperantiam,

159 2374 344 2438 meminerint
358 2373 568 2436 verecundiae:
589 2377 670 2449 quod
684 2376 737 2436 erit
750 2377 870 2451 facilius
886 2379 910 2437 si
927 2399 965 2440 ne
983 2380 1014 2439 in
1034 2380 1095 2440 eius
1115 2383 1197 2445 modi

159 2473 279 2550 quidem
287 2473 374 2531 rebus
383 2469 507 2529 maiores
516 2483 586 2530 natu
597 2474 699 2532 nolent
708 2471 856 2534 interesse.
885 2495 949 2550 123.
965 2476 1090 2539 Senibus
1099 2492 1198 2541 autem

183 2601 369 2652 nattes-peculia
407 2565 521 2624 labores
541 2566 670 2642 corporis
690 2567 850 2642 minuendi,
871 2571 1090 2633 exercitationes
1111 2575 1201 2634 animi

158 2657 180 2693 ‘⁰
192 2652 235 2693 ⁰¹d
246 2665 301 2702 Ψ·
406 2660 495 2721 etiam
516 2664 668 2739 augendae
687 2650 823 2724 videntur
827 2686 836 2739 ;
847 2668 946 2727 danda
965 2689 1034 2730 vero
1055 2690 1152 2748 opera,
1167 2684 1200 2732 ut
1213 2698 1240 2747 25

156 2767 187 2816 et
207 2756 316 2816 amicos
336 2768 366 2818 et
384 2754 564 2818 iuventutem
582 2770 611 2818 et
632 2759 759 2821 maxime
777 2781 838 2821 rem
857 2764 1006 2840 publicam
1027 2767 1150 2827 consilio
1170 2779 1200 2828 et

156 2853 311 2929 prudentia
331 2874 421 2931 quam
441 2855 598 2931 plurimum
618 2855 765 2917 adiuvent
820 2858 902 2918 Nihil
922 2871 1021 2920 autem
1041 2863 1134 2939 magis
1154 2882 1200 2923 ca-

155 2951 285 3010 vendum
304 2962 348 3009 est
364 2950 507 3010 senectuti
534 2971 623 3027 quam
637 2972 674 3011 ne
688 2954 819 3030 languori
833 2974 864 3015 se
880 2955 1069 3032 desidiaeque
1090 2960 1192 3022 dedat.

156 3049 286 3107 Luxuria
299 3069 366 3110 vero
382 3070 450 3109 cum
466 3047 549 3109 omni
565 3048 654 3108 aetati
670 3049 768 3126 turpis,
784 3061 846 3109 turn
867 3051 1009 3111 senectuti
1030 3053 1199 3116 foedissima

153 3151 207 3200 est
250 3141 300 3202 Sin
321 3153 418 3202 autem
437 3142 524 3202 etiarn
538 3142 694 3203 libidinum
708 3144 932 3223 intemperantia
944 3148 1075 3223 accessit,
1090 3152 1198 3228 duplex
1209 3181 1242 3230 30

155 3239 266 3296 malum
293 3249 345 3310 est,
368 3239 449 3313 quod
476 3249 505 3298 et
532 3238 595 3314 ipsa
619 3250 753 3300 senectus
773 3241 902 3301 dedecus
923 3243 1052 3322 concipit
1072 3257 1101 3306 et
1128 3238 1202 3309 facit

154 3333 388 3394 adulescentium
408 3333 654 3411 impudentiorem
674 3335 935 3414 intemperantiam.
986 3361 1049 3415 124
1092 3345 1138 3402 Ac
1158 3364 1197 3405 ne

154 3444 367 3535 leputpgdotsrltlp:
405 3429 479 3490 illud
499 3431 619 3507 quidem
633 3431 761 3491 alienum
775 3445 827 3506 est,
850 3435 888 3494 de
909 3434 1135 3513 magistratuum,
1158 3439 1196 3499 de

152 3543 233 3596 jecta,
250 3544 367 3588 citizens
404 3540 588 3603 privatorum,
610 3529 648 3590 de
668 3528 774 3589 civium
799 3532 836 3592 de
856 3535 1073 3612 peregrinomm
1094 3538 1196 3600 officiis

202 3717 232 3753 ιο
247 3702 335 3754 vitium
345 3705 376 3752 St
385 3720 441 3753 cum
447 3704 570 3769 plenique
577 3706 764 3772 codd,impium
775 3712 816 3761 Ba
829 3713 867 3763 Or
887 3718 898 3773 11
920 3731 949 3766 22
961 3717 982 3766 si
993 3717 1186 3783 ne...quidem...

152 3780 236 3832 nolent
243 3785 284 3833 Ba
294 3786 374 3834 Heine
384 3786 426 3833 Lu
432 3792 489 3847 post
498 3787 540 3834 St:
556 3786 628 3848 vulgo
639 3786 908 3851 si...quidem...voleut
933 3800 943 3853 ΙΙ
968 3810 1000 3859 3ο
1015 3796 1142 3849 accesserit
1153 3799 1190 3847 Or

155 3867 164 3919 l
185 3877 214 3928 34
232 3867 302 3915 verba
313 3867 344 3916 de
355 3866 444 3915 civium
456 3866 508 3914 secl.
520 3866 561 3914 Ba
572 3866 658 3927 Heine,
672 3868 733 3918 delet
743 3871 778 3924 H,
796 3872 896 3938 Wolfius
