2670 4296
179 197 215 256 16
404 197 454 255 De
470 196 585 256 secundo
604 196 689 272 officii
696 196 780 273 sonte
797 195 858 255 siue
874 196 993 254 Iustitia
1076 191 1219 276 [Ix1137

175 376 376 425 sacramento:
396 364 465 442 quia
478 364 573 440 priore
587 363 696 425 amisso
710 363 772 424 iure
785 382 854 431 cum
868 362 1002 423 hostibus
1015 384 1144 442 pugnare
1158 385 1220 426 non

175 472 298 538 poterat
340 462 427 522 Adeo
455 480 571 520 summa
597 470 659 520 erat
686 459 853 520 observatio
879 459 911 518 in
938 461 1018 521 bello
1044 459 1217 544 movendo]

176 575 220 632 37.
264 556 360 616 Marci
373 557 494 633 quidem
509 555 631 618 Catonis
645 555 724 617 senis
737 566 782 615 est
790 555 915 632 epistula
923 557 962 616 ad
972 558 1108 616 Marcum
1116 556 1218 630 filium,

175 652 206 712 in
221 673 280 729 qua
293 653 392 713 scribit
410 673 442 713 se
462 652 579 712 audisse
599 671 670 712 eum
690 651 816 710 missum
833 653 944 711 factum
964 672 1029 712 esse
1048 671 1067 712 a
1087 655 1218 726 consule,

175 768 244 808 cum
262 749 294 809 in
312 748 492 808 Macedonia
510 749 590 808 bello
610 746 727 808 Persico
741 746 825 806 miles
839 757 926 807 esset.
968 750 1075 808 Monet
1088 747 1174 826 igitur
1186 761 1220 808 ut
1249 770 1263 818 ⁵

175 855 277 905 caveat
288 864 326 905 ne
334 844 479 922 proelium
493 844 591 903 ineat:
613 854 700 920 negat
713 841 793 902 enim
806 841 852 902 ius
866 863 931 903 esse
944 842 996 921 qui
1009 843 1093 904 miles
1107 863 1169 904 non
1182 843 1220 904 sit

109 949 219 1022 >111and
235 980 264 1031 b,
279 980 334 1021 ,heir
349 993 387 1022 u„
424 960 494 999 cum
514 942 599 1000 hoste
620 959 756 1017 pugnare.
800 938 949 1016 Equidem
965 938 1054 999 etiam
1070 939 1144 1000 illud
1160 940 1221 999 ani·

88 1027 92 1034 ⁴
175 1031 379 1073 ⁰s¹¹³⁸²⁸¹¹¹¹l0⁸²⁸³·
422 1037 583 1109 madverto,
601 1037 691 1113 quod,
712 1034 764 1112 qui
784 1035 902 1112 proprio
921 1036 1042 1096 nomine
1062 1037 1220 1114 perduellis

174 1144 260 1206 esset,
276 1131 300 1191 is
314 1131 406 1192 hostis
420 1144 580 1205 vocaretur,
595 1131 715 1192 lenitate
727 1131 809 1192 verbi
827 1131 868 1191 rei
885 1131 1030 1191 tristitiam
1047 1133 1216 1211 mitigatam

176 1229 281 1289 Hostis
296 1228 375 1289 enim
389 1229 469 1304 apud
482 1228 607 1288 maiores
621 1227 770 1287 nostrosis
784 1226 936 1287 dicebatur
949 1247 1039 1305 quem
1047 1213 1219 1306 nunc'pere-
1234 1252 1265 1288 ιο

174 1325 290 1403 grinum
317 1323 451 1384 dicimus.
498 1324 636 1383 Indicant
663 1322 824 1383 duodecim
851 1324 987 1383 tabulae:
1021 1342 1083 1384 avr
1109 1342 1219 1386 srarvs

175 1438 246 1481 orus
260 1438 323 1481 cvm
339 1437 447 1493 nosru,
459 1420 589 1496 itemque
603 1436 760 1479 novnasvs
776 1436 900 1478 uosrmr
913 1437 1062 1480 narnium
1075 1439 1220 1482 avaroru-

173 1535 238 1576 rns
282 1517 365 1592 Quid
378 1517 417 1576 ad
431 1517 508 1575 hanc
525 1515 783 1576 mansuetudinem
796 1515 867 1575 addi
883 1527 989 1593 potest,
1004 1536 1082 1591 eum,
1099 1518 1218 1594 quicum

174 1614 286 1674 bellum
307 1632 398 1690 geras,
422 1623 483 1671 tam
505 1612 588 1671 molli
615 1611 736 1672 nomine
763 1612 931 1688 appellare?
971 1615 1160 1690 Quamquam
1187 1615 1219 1676 id

174 1729 285 1770 nomen
299 1708 399 1768 durius
413 1708 510 1768 effecit
524 1708 582 1767 iam
596 1719 747 1782 vetustas3
767 1727 785 1766 a
798 1707 951 1785 peregrino
964 1709 1044 1769 enim
1057 1710 1176 1770 recessit
1189 1723 1218 1772 et
1233 1737 1262 1788 ¹5

174 1804 291 1883 proprie
304 1804 335 1863 in
349 1822 386 1864 eo
401 1804 451 1880 qui
465 1824 545 1864 arma
559 1816 662 1864 contra
680 1806 765 1864 ferret
778 1804 924 1865 remansit
968 1808 1014 1881 38.
1058 1808 1135 1868 Cum
1148 1827 1219 1869 vero

200 1939 261 1981 Some
274 1939 336 1980 ΨΜ
350 1952 386 1980 m
424 1902 462 1960 de
476 1900 599 1977 imperio
616 1902 781 1960 decertatur
800 1900 938 1978 belloque
955 1902 1102 1978 quaeritur
1117 1903 1217 1981 gloria,

173 1990 304 2032 ”ldefffikffl
354 1990 387 2030 ‘⁰¹
424 2017 527 2057 causas
549 1998 672 2058 omnino
696 1998 816 2057 subesse
837 2008 937 2058 tamen
952 2010 1067 2075 oportet
1086 2001 1216 2075 easdem,

173 2040 387 2099 gloryandconquest

174 2091 388 2190 ffltgffs‘gsessf
425 2112 497 2169 quas
512 2093 572 2153 dixi
586 2095 685 2171 paullo
699 2103 768 2152 ante
778 2091 869 2152 iustas
878 2113 982 2153 causas
990 2114 1055 2155 esse
1062 2096 1217 2158 bellorum.

175 2189 388 2291 ffitthergfflffifft
424 2193 484 2252 Sed
497 2211 533 2252 ea
546 2192 631 2263 bella,
646 2191 752 2267 quibus
766 2189 881 2266 imperii
895 2190 1046 2266 proposita
1058 2191 1150 2268 gloria
1162 2204 1215 2266 est,
1230 2222 1263 2258 20

174 2291 268 2342 avounds
296 2290 329 2331 sor
352 2289 389 2331 ὼε
426 2288 522 2348 minus
536 2289 645 2348 acerbe*
654 2290 783 2365 gerenda
796 2297 871 2347 sunt
915 2289 960 2348 Ut
977 2287 1057 2347 enim
1075 2308 1144 2348 cum
1160 2290 1217 2349 civi

176 2349 353 2382 commencement
365 2340 390 2380 os

175 2390 387 2482 ,fflpfflpffl
425 2385 507 2445 aliter
520 2385 736 2459 contendimus,
749 2385 774 2445 si
784 2396 829 2445 est
838 2383 983 2457 inimicus,
994 2383 1085 2457 aliter,
1100 2384 1125 2445 si
1138 2405 1218 2446 com·

174 2491 300 2541 differently·
422 2482 638 2559 petitor-cum
658 2484 749 2542 altero
770 2493 918 2542 certamen
938 2480 1058 2541 honoris
1078 2492 1108 2542 et
1126 2481 1218 2560 digni-

173 2583 241 2643 tatis
254 2592 307 2655 est,
322 2600 390 2641 cum
405 2581 497 2639 altero
510 2578 613 2655 capitis
628 2590 657 2639 et
671 2581 815 2651 samae—,
830 2577 873 2637 sie
886 2596 955 2636 cum
970 2576 1133 2651 Celtiberis,
1148 2575 1231 2638 cum

174 2677 302 2740 Cimbris
315 2678 426 2737 bellum
440 2686 473 2734 ut
486 2695 554 2733 cum
568 2674 692 2734 inimicis
713 2675 873 2751 gerebatur,
888 2684 954 2733 uter
971 2683 1056 2746 esset,
1072 2693 1133 2734 non
1153 2685 1218 2736 uter
1230 2702 1260 2754 2⁵

420 2770 584 2847 imperaret,
613 2789 683 2830 cum
700 2769 814 2829 Latinis
828 2768 943 2828 Sabinis
953 2768 1217 2843 Samnitibus‚Poe·

173 2849 385 2943 ,ῃςῇἷῗῖοξξκῗζῗζ
424 2870 469 2929 nis
484 2870 594 2946 Pyrrho
608 2870 646 2928 de
665 2867 788 2945 imperio
807 2866 1008 2927 dimicabatur.
1052 2865 1145 2925 Poeni
1158 2868 1218 2926 foe·

172 2952 385 3055 {ffifflssffiss
421 2966 532 3043 disragi,
548 2964 674 3025 crudelis
689 2962 850 3035 Hannibal,
865 2960 969 3037 reliqui
982 2959 1124 3020 iustiores.
1149 2963 1217 3039 Pyr-

417 3063 463 3123 rhi
477 3061 598 3139 quidem
612 3061 650 3120 de
668 3059 791 3136 captivis
804 3056 963 3118 reddendis
980 3055 1030 3115 illa
1048 3058 1216 3133 praeclara:

299 3193 352 3242 Nec
367 3192 405 3241 mi
418 3208 511 3241 aunem
522 3199 592 3256 posco
608 3207 650 3239 nec
666 3189 704 3238 nri
712 3188 822 3252 pretium
838 3185 968 3245 dederitis5
1228 3185 1261 3234 30

301 3289 352 3322 nan
367 3279 528 3337 cauponantes
543 3272 637 3330 bellum,
660 3271 702 3319 sed
715 3270 884 3334 belligerantes,

292 3353 372 3417 ferro,
391 3369 442 3403 non
457 3369 520 3401 auro
535 3352 614 3400 vitam
630 3365 759 3400 cernamus
774 3349 879 3412 utrique.

299 3449 372 3482 vente
386 3434 450 3490 velit,
467 3449 503 3481 an
520 3448 557 3481 me
573 3448 676 3496 regnare
690 3447 732 3480 era
748 3430 836 3499 quidm
843 3429 914 3493 ferat
928 3428 997 3489 Fors,
1055 3465 1057 3468 ,

298 3514 389 3564 virtute
402 3514 565 3578 expenamur.
598 3519 620 3563 et
634 3514 677 3562 laec
691 3511 769 3561 simul
782 3510 860 3575 accipe
874 3510 980 3559 de'ctum:

298 3610 403 3659 quartem
410 3592 514 3644 vineta
524 3594 580 3642 belli
587 3594 695 3658 fortuna
709 3591 817 3666 pepercit,
1227 3588 1257 3636 ³⁵

222 3735 249 3771 11
267 3728 294 3771 ut
308 3721 351 3780 Or,
365 3724 408 3770 aut
418 3720 459 3768 Ba
469 3733 524 3778 cum
535 3717 599 3767 codd.
638 3719 648 3774 ΙΙ
685 3730 714 3765 ar
732 3729 789 3764 cum
799 3713 905 3763 civiliter
915 3709 1094 3766 contendimus,
1111 3708 1181 3758 aliter
1192 3709 1213 3758 si

173 3803 211 3851 Or
222 3802 302 3866 nubre,
319 3800 423 3851 cerren'l
436 3797 592 3849 Auernaecius
627 3800 636 3855 ΙΙ
673 3811 702 3859 31
720 3811 771 3845 non
782 3795 823 3843 Ba
833 3795 914 3844 Heine
927 3793 969 3842 Lu
984 3792 1077 3841 Vahlen
1092 3806 1147 3839 cum
1163 3805 1214 3839 reno

169 3884 250 3955 codice,
264 3898 310 3934 uec
330 3883 403 3948 welgo
437 3885 448 3940 l
483 3881 585 3945 33hera
598 3879 636 3930 Or
669 3883 679 3938 ll
747 3874 1022 3942 34'acpiteZupostII
