<?xml version="1.0" encoding="UTF-8"?>
<!DOCTYPE html PUBLIC "-//W3C//DTD XHTML 1.0 Transitional//EN"
    "http://www.w3.org/TR/xhtml1/DTD/xhtml1-transitional.dtd">
<html xmlns="http://www.w3.org/1999/xhtml" xml:lang="en" lang="en">
 <head>
  <title>
</title>
<meta http-equiv="Content-Type" content="text/html;charset=utf-8" />
  <meta name='ocr-system' content='tesseract 3.04.00' />
  <meta name='ocr-capabilities' content='ocr_page ocr_carea ocr_par ocr_line ocrx_word'/>
</head>
<body>
  <div class='ocr_page' id='page_1' title='image "./mtciceronisdeof00cicegoog_0185.png"; bbox 0 0 2670 4296; ppageno 0'>
   <div class='ocr_carea' id='block_1_1' title="bbox 192 197 1232 282">
    <p class='ocr_par' dir='ltr' id='par_1_1' title="bbox 192 197 1232 282">
     <span class='ocr_line' id='line_1_1' title="bbox 192 197 1232 282; baseline 0.008 -28"><span class='ocrx_word' id='word_1_1' title='bbox 192 214 249 271; x_wconf 77' lang='lat'><strong>134</strong></span> <span class='ocrx_word' id='word_1_2' title='bbox 413 197 946 261; x_wconf 64' lang='lat' dir='ltr'><strong>Dembnellomtiaevuus</strong></span> <span class='ocrx_word' id='word_1_3' title='bbox 996 198 1232 282; x_wconf 78' lang='lat' dir='ltr'><strong>[mmros</strong></span> 
     </span>
    </p>
   </div>
   <div class='ocr_carea' id='block_1_2' title="bbox 95 362 1274 1394">
    <p class='ocr_par' dir='ltr' id='par_1_2' title="bbox 185 362 1234 730">
     <span class='ocr_line' id='line_1_2' title="bbox 186 362 1234 440; baseline 0.003 -19"><span class='ocrx_word' id='word_1_4' title='bbox 186 362 930 424; x_wconf 64' lang='lat' dir='ltr'><strong>suadebumciumandummeoemmune</strong></span> <span class='ocrx_word' id='word_1_5' title='bbox 974 367 1040 423; x_wconf 66' lang='lat'><strong>10&amp;</strong></span> <span class='ocrx_word' id='word_1_6' title='bbox 1068 366 1234 440; x_wconf 78' lang='lat' dir='ltr'><strong>Nunerrim</strong></span> 
     </span>
     <span class='ocr_line' id='line_1_3' title="bbox 185 458 1234 537; baseline 0.003 -20"><span class='ocrx_word' id='word_1_7' title='bbox 185 459 294 517; x_wconf 79' lang='lat' dir='ltr'><strong>falsum</strong></span> <span class='ocrx_word' id='word_1_8' title='bbox 315 458 580 537; x_wconf 83' lang='lat' dir='ltr'><strong>inrareperinrare</strong></span> <span class='ocrx_word' id='word_1_9' title='bbox 601 463 1234 537; x_wconf 47' lang='lat' dir='ltr'><strong>Qaedquodnxmmmsmnn·</strong></span> 
     </span>
     <span class='ocr_line' id='line_1_4' title="bbox 186 546 1232 633; baseline 0.006 -19"><span class='ocrx_word' id='word_1_10' title='bbox 186 572 242 615; x_wconf 75' lang='lat' dir='ltr'><strong>m</strong></span> <span class='ocrx_word' id='word_1_11' title='bbox 261 555 464 628; x_wconf 66' lang='lat' dir='ltr'><strong>inmissicnt</strong></span> <span class='ocrx_word' id='word_1_12' title='bbox 483 557 582 617; x_wconf 85' lang='lat' dir='ltr'><strong>verbis</strong></span> <span class='ocrx_word' id='word_1_13' title='bbox 600 546 768 633; x_wconf 79' lang='lat' dir='ltr'><strong>concipitur</strong></span> <span class='ocrx_word' id='word_1_14' title='bbox 786 577 871 617; x_wconf 88' lang='lat' dir='ltr'><strong>more</strong></span> <span class='ocrx_word' id='word_1_15' title='bbox 890 557 1232 631; x_wconf 65' lang='lat' dir='ltr'><strong>nomoidnonfacere</strong></span> 
     </span>
     <span class='ocr_line' id='line_1_5' title="bbox 187 651 819 730; baseline 0.002 -19"><span class='ocrx_word' id='word_1_16' title='bbox 187 651 348 730; x_wconf 83' lang='lat' dir='ltr'><strong>periurium</strong></span> <span class='ocrx_word' id='word_1_17' title='bbox 360 664 415 712; x_wconf 68' lang='lat' dir='ltr'><strong>est.</strong></span> <span class='ocrx_word' id='word_1_18' title='bbox 456 653 538 714; x_wconf 85' lang='lat' dir='ltr'><strong>Scire</strong></span> <span class='ocrx_word' id='word_1_19' title='bbox 550 654 633 713; x_wconf 87' lang='lat' dir='ltr'><strong>enim</strong></span> <span class='ocrx_word' id='word_1_20' title='bbox 646 655 819 730; x_wconf 83' lang='lat' dir='ltr'><strong>Emipides:</strong></span> 
     </span>
    </p>

    <p class='ocr_par' dir='ltr' id='par_1_3' title="bbox 185 759 1274 1129">
     <span class='ocr_line' id='line_1_6' title="bbox 428 759 1274 837; baseline 0.001 -29"><span class='ocrx_word' id='word_1_21' title='bbox 428 759 632 824; x_wconf 64' lang='lat' dir='ltr'><strong>rusia-gu,</strong></span> <span class='ocrx_word' id='word_1_22' title='bbox 650 759 984 824; x_wconf 54' lang='lat' dir='ltr'><strong>mmmm</strong></span> <span class='ocrx_word' id='word_1_23' title='bbox 1258 791 1274 837; x_wconf 68' lang='lat'>5</span> 
     </span>
     <span class='ocr_line' id='line_1_7' title="bbox 187 855 1232 933; baseline 0.004 -19"><span class='ocrx_word' id='word_1_24' title='bbox 187 855 322 932; x_wconf 82' lang='lat' dir='ltr'><strong>Regulus</strong></span> <span class='ocrx_word' id='word_1_25' title='bbox 340 874 412 916; x_wconf 85' lang='lat' dir='ltr'><strong>vero</strong></span> <span class='ocrx_word' id='word_1_26' title='bbox 428 875 492 916; x_wconf 93' lang='lat' dir='ltr'><strong>non</strong></span> <span class='ocrx_word' id='word_1_27' title='bbox 510 857 615 917; x_wconf 87' lang='lat' dir='ltr'><strong>debuit</strong></span> <span class='ocrx_word' id='word_1_28' title='bbox 631 856 826 917; x_wconf 77' lang='lat' dir='ltr'><strong>condiciones</strong></span> <span class='ocrx_word' id='word_1_29' title='bbox 842 858 1054 933; x_wconf 81' lang='lat' dir='ltr'><strong>pacn&#39;onesque</strong></span> <span class='ocrx_word' id='word_1_30' title='bbox 1067 857 1188 917; x_wconf 66' lang='lat' dir='ltr'><strong>bessius</strong></span> <span class='ocrx_word' id='word_1_31' title='bbox 1201 868 1232 918; x_wconf 89' lang='lat' dir='ltr'><strong>et</strong></span> 
     </span>
     <span class='ocr_line' id='line_1_8' title="bbox 186 952 1231 1033; baseline 0.008 -23"><span class='ocrx_word' id='word_1_32' title='bbox 186 952 308 1012; x_wconf 76' lang='lat' dir='ltr'><strong>hostiles</strong></span> <span class='ocrx_word' id='word_1_33' title='bbox 322 956 494 1030; x_wconf 84' lang='lat' dir='ltr'><strong>perturbare</strong></span> <span class='ocrx_word' id='word_1_34' title='bbox 506 955 642 1033; x_wconf 89' lang='lat' dir='ltr'><strong>periurio.</strong></span> <span class='ocrx_word' id='word_1_35' title='bbox 677 957 757 1017; x_wconf 90' lang='lat' dir='ltr'><strong>Cum</strong></span> <span class='ocrx_word' id='word_1_36' title='bbox 771 956 849 1015; x_wconf 87' lang='lat' dir='ltr'><strong>iusto</strong></span> <span class='ocrx_word' id='word_1_37' title='bbox 862 956 942 1015; x_wconf 92' lang='lat' dir='ltr'><strong>enim</strong></span> <span class='ocrx_word' id='word_1_38' title='bbox 956 969 986 1016; x_wconf 91' lang='lat' dir='ltr'><strong>et</strong></span> <span class='ocrx_word' id='word_1_39' title='bbox 1000 957 1132 1032; x_wconf 86' lang='lat' dir='ltr'><strong>legitimo</strong></span> <span class='ocrx_word' id='word_1_40' title='bbox 1144 958 1231 1018; x_wconf 85' lang='lat' dir='ltr'><strong>hoste</strong></span> 
     </span>
     <span class='ocr_line' id='line_1_9' title="bbox 185 1051 1230 1129; baseline 0.004 -20"><span class='ocrx_word' id='word_1_41' title='bbox 185 1067 233 1109; x_wconf 89' lang='lat' dir='ltr'><strong>res</strong></span> <span class='ocrx_word' id='word_1_42' title='bbox 246 1051 411 1126; x_wconf 87' lang='lat' dir='ltr'><strong>gerebatur,</strong></span> <span class='ocrx_word' id='word_1_43' title='bbox 424 1053 567 1112; x_wconf 85' lang='lat' dir='ltr'><strong>adversus</strong></span> <span class='ocrx_word' id='word_1_44' title='bbox 579 1072 672 1129; x_wconf 91' lang='lat' dir='ltr'><strong>quem</strong></span> <span class='ocrx_word' id='word_1_45' title='bbox 685 1065 716 1112; x_wconf 90' lang='lat' dir='ltr'><strong>et</strong></span> <span class='ocrx_word' id='word_1_46' title='bbox 729 1064 827 1111; x_wconf 90' lang='lat' dir='ltr'><strong>totum</strong></span> <span class='ocrx_word' id='word_1_47' title='bbox 840 1052 887 1111; x_wconf 94' lang='lat' dir='ltr'><strong>ius</strong></span> <span class='ocrx_word' id='word_1_48' title='bbox 900 1053 999 1112; x_wconf 83' lang='lat' dir='ltr'><strong>fetiale</strong></span> <span class='ocrx_word' id='word_1_49' title='bbox 1012 1065 1043 1112; x_wconf 92' lang='lat' dir='ltr'><strong>et</strong></span> <span class='ocrx_word' id='word_1_50' title='bbox 1055 1055 1149 1112; x_wconf 84' lang='lat' dir='ltr'><strong>multa</strong></span> <span class='ocrx_word' id='word_1_51' title='bbox 1160 1065 1230 1113; x_wconf 90' lang='lat' dir='ltr'><strong>sunt</strong></span> 
     </span>
    </p>

    <p class='ocr_par' dir='ltr' id='par_1_4' title="bbox 185 1148 1273 1316">
     <span class='ocr_line' id='line_1_10' title="bbox 435 1148 1229 1227; baseline 0.003 -21"><span class='ocrx_word' id='word_1_52' title='bbox 435 1148 500 1208; x_wconf 89' lang='lat' dir='ltr'><strong>iura</strong></span> <span class='ocrx_word' id='word_1_53' title='bbox 519 1150 698 1209; x_wconf 82' lang='lat' dir='ltr'><strong>communia</strong></span> <span class='ocrx_word' id='word_1_54' title='bbox 741 1151 834 1224; x_wconf 91' lang='lat' dir='ltr'><strong>Quod</strong></span> <span class='ocrx_word' id='word_1_55' title='bbox 853 1150 885 1208; x_wconf 89' lang='lat' dir='ltr'><strong>ni</strong></span> <span class='ocrx_word' id='word_1_56' title='bbox 904 1149 947 1209; x_wconf 84' lang='lat' dir='ltr'><strong>ita</strong></span> <span class='ocrx_word' id='word_1_57' title='bbox 965 1161 1052 1222; x_wconf 63' lang='lat' dir='ltr'><strong>sset,</strong></span> <span class='ocrx_word' id='word_1_58' title='bbox 1066 1170 1229 1227; x_wconf 82' lang='lat' dir='ltr'><strong>numquam</strong></span> 
     </span>
     <span class='ocr_line' id='line_1_11' title="bbox 185 1225 1273 1316; baseline 0.003 -13"><span class='ocrx_word' id='word_1_59' title='bbox 185 1225 275 1316; x_wconf 42' lang='grc' dir='ltr'><strong>ἐξ</strong></span> <span class='ocrx_word' id='word_1_60' title='bbox 286 1226 401 1316; x_wconf 55' lang='grc' dir='ltr'><strong>ᾟΜᾮ</strong></span> <span class='ocrx_word' id='word_1_61' title='bbox 437 1248 533 1304; x_wconf 91' lang='lat' dir='ltr'><strong>claros</strong></span> <span class='ocrx_word' id='word_1_62' title='bbox 547 1245 624 1304; x_wconf 88' lang='lat' dir='ltr'><strong>viros</strong></span> <span class='ocrx_word' id='word_1_63' title='bbox 638 1257 758 1304; x_wconf 89' lang='lat' dir='ltr'><strong>senatus</strong></span> <span class='ocrx_word' id='word_1_64' title='bbox 770 1245 887 1304; x_wconf 87' lang='lat' dir='ltr'><strong>vinctos</strong></span> <span class='ocrx_word' id='word_1_65' title='bbox 899 1245 1036 1305; x_wconf 78' lang='lat' dir='ltr'><strong>hostibus</strong></span> <span class='ocrx_word' id='word_1_66' title='bbox 1055 1247 1227 1308; x_wconf 76' lang='lat' dir='ltr'>dedidisset</span> <span class='ocrx_word' id='word_1_67' title='bbox 1244 1271 1273 1306; x_wconf 86' lang='grc' dir='ltr'><strong>ιο</strong></span> 
     </span>
    </p>

    <p class='ocr_par' dir='ltr' id='par_1_5' title="bbox 95 1325 401 1394">
     <span class='ocr_line' id='line_1_12' title="bbox 95 1325 401 1394; baseline -0.007 -27"><span class='ocrx_word' id='word_1_68' title='bbox 95 1343 174 1394; x_wconf 72' lang='lat' dir='ltr'><strong>xxx</strong></span> <span class='ocrx_word' id='word_1_69' title='bbox 186 1325 354 1367; x_wconf 67' lang='lat' dir='ltr'><strong>nummu</strong></span> <span class='ocrx_word' id='word_1_70' title='bbox 363 1335 401 1366; x_wconf 90' lang='lat' dir='ltr'><strong>not</strong></span> 
     </span>
    </p>
   </div>
   <div class='ocr_carea' id='block_1_3' title="bbox 185 1344 1227 1426">
    <p class='ocr_par' dir='ltr' id='par_1_6' title="bbox 185 1344 1227 1426">
     <span class='ocr_line' id='line_1_13' title="bbox 185 1344 1227 1426; baseline -0.003 -20"><span class='ocrx_word' id='word_1_71' title='bbox 185 1375 399 1426; x_wconf 51' lang='lat' dir='ltr'><strong>mmm„</strong></span> <span class='ocrx_word' id='word_1_72' title='bbox 440 1364 506 1420; x_wconf 85' lang='lat'><strong>109.</strong></span> <span class='ocrx_word' id='word_1_73' title='bbox 535 1347 577 1402; x_wconf 87' lang='lat' dir='ltr'><strong>At</strong></span> <span class='ocrx_word' id='word_1_74' title='bbox 603 1363 675 1403; x_wconf 85' lang='lat' dir='ltr'><strong>vero</strong></span> <span class='ocrx_word' id='word_1_75' title='bbox 701 1347 737 1402; x_wconf 89' lang='lat' dir='ltr'><strong>T.</strong></span> <span class='ocrx_word' id='word_1_76' title='bbox 765 1344 906 1402; x_wconf 84' lang='lat' dir='ltr'><strong>Veturius</strong></span> <span class='ocrx_word' id='word_1_77' title='bbox 926 1357 957 1404; x_wconf 94' lang='lat' dir='ltr'><strong>et</strong></span> <span class='ocrx_word' id='word_1_78' title='bbox 976 1347 1027 1421; x_wconf 87' lang='lat' dir='ltr'><strong>Sp.</strong></span> <span class='ocrx_word' id='word_1_79' title='bbox 1050 1345 1227 1420; x_wconf 83' lang='lat' dir='ltr'><strong>Postumius,</strong></span> 
     </span>
    </p>
   </div>
   <div class='ocr_carea' id='block_1_4' title="bbox 185 1425 1228 1534">
    <p class='ocr_par' dir='ltr' id='par_1_7' title="bbox 185 1425 1228 1534">
     <span class='ocr_line' id='line_1_14' title="bbox 185 1425 1228 1534; baseline 0.004 -34"><span class='ocrx_word' id='word_1_80' title='bbox 185 1425 397 1534; x_wconf 42' lang='lat' dir='ltr'><strong>22²&amp;AE</strong></span> <span class='ocrx_word' id='word_1_81' title='bbox 434 1461 504 1500; x_wconf 91' lang='lat' dir='ltr'><strong>cum</strong></span> <span class='ocrx_word' id='word_1_82' title='bbox 531 1440 637 1500; x_wconf 91' lang='lat' dir='ltr'><strong>iterum</strong></span> <span class='ocrx_word' id='word_1_83' title='bbox 664 1443 801 1501; x_wconf 76' lang='lat' dir='ltr'><strong>consules</strong></span> <span class='ocrx_word' id='word_1_84' title='bbox 827 1452 935 1514; x_wconf 88' lang='lat' dir='ltr'><strong>essent,</strong></span> <span class='ocrx_word' id='word_1_85' title='bbox 956 1442 1036 1518; x_wconf 83' lang='lat' dir='ltr'><strong>quia,</strong></span> <span class='ocrx_word' id='word_1_86' title='bbox 1055 1462 1124 1501; x_wconf 91' lang='lat' dir='ltr'><strong>cum</strong></span> <span class='ocrx_word' id='word_1_87' title='bbox 1150 1446 1228 1505; x_wconf 92' lang='lat' dir='ltr'><strong>male</strong></span> 
     </span>
    </p>
   </div>
   <div class='ocr_carea' id='block_1_5' title="bbox 176 1526 1311 3176">
    <p class='ocr_par' dir='ltr' id='par_1_8' title="bbox 179 1526 1311 2965">
     <span class='ocr_line' id='line_1_15' title="bbox 184 1526 1229 1624; baseline 0.003 -27"><span class='ocrx_word' id='word_1_88' title='bbox 184 1526 395 1624; x_wconf 53' lang='lat' dir='ltr'><strong>fflffi</strong></span> <span class='ocrx_word' id='word_1_89' title='bbox 432 1549 595 1616; x_wconf 84' lang='lat' dir='ltr'><strong>pugnatum</strong></span> <span class='ocrx_word' id='word_1_90' title='bbox 612 1540 694 1614; x_wconf 92' lang='lat' dir='ltr'><strong>apud</strong></span> <span class='ocrx_word' id='word_1_91' title='bbox 713 1537 863 1598; x_wconf 83' lang='lat' dir='ltr'><strong>Caudium</strong></span> <span class='ocrx_word' id='word_1_92' title='bbox 881 1549 967 1610; x_wconf 79' lang='lat' dir='ltr'><strong>esset,</strong></span> <span class='ocrx_word' id='word_1_93' title='bbox 982 1537 1148 1615; x_wconf 86' lang='lat' dir='ltr'><strong>legionibus</strong></span> <span class='ocrx_word' id='word_1_94' title='bbox 1161 1559 1229 1600; x_wconf 87' lang='lat' dir='ltr'><strong>nos·</strong></span> 
     </span>
     <span class='ocr_line' id='line_1_16' title="bbox 183 1625 1228 1727; baseline -0.003 -29"><span class='ocrx_word' id='word_1_95' title='bbox 183 1625 395 1727; x_wconf 51' lang='lat' dir='ltr'><strong>ssfflffi</strong></span> <span class='ocrx_word' id='word_1_96' title='bbox 432 1637 484 1696; x_wconf 90' lang='lat' dir='ltr'><strong>tris</strong></span> <span class='ocrx_word' id='word_1_97' title='bbox 504 1634 681 1710; x_wconf 83' lang='lat' dir='ltr'><strong>subiugum</strong></span> <span class='ocrx_word' id='word_1_98' title='bbox 702 1633 799 1692; x_wconf 90' lang='lat' dir='ltr'><strong>missis</strong></span> <span class='ocrx_word' id='word_1_99' title='bbox 824 1653 930 1709; x_wconf 80' lang='lat' dir='ltr'><strong>pacem</strong></span> <span class='ocrx_word' id='word_1_100' title='bbox 954 1654 1024 1692; x_wconf 89' lang='lat' dir='ltr'><strong>cum</strong></span> <span class='ocrx_word' id='word_1_101' title='bbox 1048 1634 1228 1695; x_wconf 77' lang='lat' dir='ltr'><strong>Samnitibus</strong></span> 
     </span>
     <span class='ocr_line' id='line_1_17' title="bbox 184 1726 1269 1807; baseline -0.007 -13"><span class='ocrx_word' id='word_1_102' title='bbox 184 1726 268 1768; x_wconf 50' lang='grc' dir='ltr'>Μ</span> <span class='ocrx_word' id='word_1_103' title='bbox 431 1736 570 1803; x_wconf 84' lang='lat' dir='ltr'><strong>fererant,</strong></span> <span class='ocrx_word' id='word_1_104' title='bbox 585 1730 680 1791; x_wconf 89' lang='lat' dir='ltr'><strong>dediti</strong></span> <span class='ocrx_word' id='word_1_105' title='bbox 693 1743 761 1791; x_wconf 92' lang='lat' dir='ltr'><strong>sunt</strong></span> <span class='ocrx_word' id='word_1_106' title='bbox 774 1730 811 1792; x_wconf 91' lang='lat' dir='ltr'><strong>iis</strong></span> <span class='ocrx_word' id='word_1_107' title='bbox 818 1754 828 1806; x_wconf 80' lang='lat'>3</span> <span class='ocrx_word' id='word_1_108' title='bbox 848 1730 961 1790; x_wconf 83' lang='lat' dir='ltr'><strong>iniussu</strong></span> <span class='ocrx_word' id='word_1_109' title='bbox 975 1731 1055 1790; x_wconf 92' lang='lat' dir='ltr'><strong>enim</strong></span> <span class='ocrx_word' id='word_1_110' title='bbox 1068 1730 1171 1807; x_wconf 87' lang='lat' dir='ltr'><strong>populi</strong></span> <span class='ocrx_word' id='word_1_111' title='bbox 1184 1750 1228 1791; x_wconf 77' lang='lat' dir='ltr'><strong>se</strong></span> <span class='ocrx_word' id='word_1_112' title='bbox 1239 1752 1269 1800; x_wconf 83' lang='lat'><strong>15</strong></span> 
     </span>
     <span class='ocr_line' id='line_1_18' title="bbox 183 1824 1311 1908; baseline -0.007 -16"><span class='ocrx_word' id='word_1_113' title='bbox 183 1840 328 1908; x_wconf 82' lang='lat' dir='ltr'><strong>natusque</strong></span> <span class='ocrx_word' id='word_1_114' title='bbox 342 1831 479 1890; x_wconf 80' lang='lat' dir='ltr'>fecerant</span> <span class='ocrx_word' id='word_1_115' title='bbox 510 1828 685 1902; x_wconf 81' lang='lat' dir='ltr'><strong>Eodemque</strong></span> <span class='ocrx_word' id='word_1_116' title='bbox 698 1838 832 1902; x_wconf 89' lang='lat' dir='ltr'><strong>tempore</strong></span> <span class='ocrx_word' id='word_1_117' title='bbox 845 1826 892 1885; x_wconf 83' lang='lat' dir='ltr'><strong>Ti</strong></span> <span class='ocrx_word' id='word_1_118' title='bbox 909 1824 1073 1896; x_wconf 89' lang='lat' dir='ltr'><strong>Numicius,</strong></span> <span class='ocrx_word' id='word_1_119' title='bbox 1089 1826 1128 1899; x_wconf 91' lang='lat' dir='ltr'><strong>Q.</strong></span> <span class='ocrx_word' id='word_1_120' title='bbox 1144 1827 1227 1885; x_wconf 72' lang='lat' dir='ltr'><strong>Mae</strong></span> <span class='ocrx_word' id='word_1_121' title='bbox 1308 1894 1311 1899; x_wconf 44' lang='grc'><strong>,</strong></span> 
     </span>
     <span class='ocr_line' id='line_1_19' title="bbox 181 1921 1227 2005; baseline -0.008 -18"><span class='ocrx_word' id='word_1_122' title='bbox 181 1926 248 2001; x_wconf 84' lang='lat' dir='ltr'><strong>iius,</strong></span> <span class='ocrx_word' id='word_1_123' title='bbox 264 1927 315 2005; x_wconf 93' lang='lat' dir='ltr'><strong>qui</strong></span> <span class='ocrx_word' id='word_1_124' title='bbox 335 1940 400 1986; x_wconf 92' lang='lat' dir='ltr'><strong>turn</strong></span> <span class='ocrx_word' id='word_1_125' title='bbox 421 1923 530 1985; x_wconf 90' lang='lat' dir='ltr'><strong>tribuni</strong></span> <span class='ocrx_word' id='word_1_126' title='bbox 551 1922 647 1999; x_wconf 90' lang='lat' dir='ltr'><strong>plebis</strong></span> <span class='ocrx_word' id='word_1_127' title='bbox 661 1934 752 1995; x_wconf 86' lang='lat' dir='ltr'><strong>erant,</strong></span> <span class='ocrx_word' id='word_1_128' title='bbox 768 1924 851 1999; x_wconf 91' lang='lat' dir='ltr'><strong>quod</strong></span> <span class='ocrx_word' id='word_1_129' title='bbox 864 1941 968 1982; x_wconf 91' lang='lat' dir='ltr'><strong>eorum</strong></span> <span class='ocrx_word' id='word_1_130' title='bbox 982 1921 1154 1981; x_wconf 86' lang='lat' dir='ltr'><strong>auctoritate</strong></span> <span class='ocrx_word' id='word_1_131' title='bbox 1167 1941 1227 1998; x_wconf 82' lang='lat' dir='ltr'><strong>pax</strong></span> 
     </span>
     <span class='ocr_line' id='line_1_20' title="bbox 183 2017 1226 2096; baseline -0.005 -13"><span class='ocrx_word' id='word_1_132' title='bbox 183 2034 246 2082; x_wconf 82' lang='lat' dir='ltr'><strong>erat</strong></span> <span class='ocrx_word' id='word_1_133' title='bbox 258 2025 344 2096; x_wconf 81' lang='lat' dir='ltr'><strong>sacta,</strong></span> <span class='ocrx_word' id='word_1_134' title='bbox 359 2021 453 2082; x_wconf 92' lang='lat' dir='ltr'><strong>dediti</strong></span> <span class='ocrx_word' id='word_1_135' title='bbox 467 2031 544 2091; x_wconf 91' lang='lat' dir='ltr'><strong>sunt,</strong></span> <span class='ocrx_word' id='word_1_136' title='bbox 558 2030 591 2077; x_wconf 91' lang='lat' dir='ltr'><strong>ut</strong></span> <span class='ocrx_word' id='word_1_137' title='bbox 604 2038 663 2095; x_wconf 84' lang='lat' dir='ltr'><strong>pax</strong></span> <span class='ocrx_word' id='word_1_138' title='bbox 681 2019 857 2078; x_wconf 88' lang='lat' dir='ltr'><strong>Samnitium</strong></span> <span class='ocrx_word' id='word_1_139' title='bbox 875 2017 1084 2094; x_wconf 87' lang='lat' dir='ltr'><strong>repudiaretur.</strong></span> <span class='ocrx_word' id='word_1_140' title='bbox 1125 2020 1226 2095; x_wconf 90' lang='lat' dir='ltr'><strong>Atque</strong></span> 
     </span>
     <span class='ocr_line' id='line_1_21' title="bbox 183 2115 1226 2193; baseline -0.005 -15"><span class='ocrx_word' id='word_1_141' title='bbox 183 2117 271 2179; x_wconf 87' lang='lat' dir='ltr'><strong>huius</strong></span> <span class='ocrx_word' id='word_1_142' title='bbox 291 2117 453 2180; x_wconf 86' lang='lat' dir='ltr'><strong>deditionis</strong></span> <span class='ocrx_word' id='word_1_143' title='bbox 473 2117 536 2193; x_wconf 90' lang='lat' dir='ltr'><strong>ipse</strong></span> <span class='ocrx_word' id='word_1_144' title='bbox 550 2115 731 2186; x_wconf 85' lang='lat' dir='ltr'><strong>Postumius,</strong></span> <span class='ocrx_word' id='word_1_145' title='bbox 747 2116 799 2193; x_wconf 92' lang='lat' dir='ltr'><strong>qui</strong></span> <span class='ocrx_word' id='word_1_146' title='bbox 813 2117 986 2187; x_wconf 86' lang='lat' dir='ltr'><strong>dedebatur,</strong></span> <span class='ocrx_word' id='word_1_147' title='bbox 1002 2134 1103 2174; x_wconf 89' lang='lat' dir='ltr'><strong>suasor</strong></span> <span class='ocrx_word' id='word_1_148' title='bbox 1116 2125 1146 2175; x_wconf 91' lang='lat' dir='ltr'><strong>et</strong></span> <span class='ocrx_word' id='word_1_149' title='bbox 1159 2134 1226 2174; x_wconf 91' lang='lat' dir='ltr'><strong>auc-</strong></span> 
     </span>
     <span class='ocr_line' id='line_1_22' title="bbox 183 2210 1268 2290; baseline -0.003 -16"><span class='ocrx_word' id='word_1_150' title='bbox 183 2227 230 2275; x_wconf 87' lang='lat' dir='ltr'><strong>tor</strong></span> <span class='ocrx_word' id='word_1_151' title='bbox 241 2213 302 2274; x_wconf 77' lang='lat' dir='ltr'><strong>fuir.</strong></span> <span class='ocrx_word' id='word_1_152' title='bbox 346 2215 437 2290; x_wconf 90' lang='lat' dir='ltr'><strong>Quod</strong></span> <span class='ocrx_word' id='word_1_153' title='bbox 457 2213 539 2273; x_wconf 93' lang='lat' dir='ltr'><strong>idem</strong></span> <span class='ocrx_word' id='word_1_154' title='bbox 559 2211 659 2270; x_wconf 89' lang='lat' dir='ltr'><strong>multis</strong></span> <span class='ocrx_word' id='word_1_155' title='bbox 679 2211 764 2270; x_wconf 91' lang='lat' dir='ltr'><strong>annis</strong></span> <span class='ocrx_word' id='word_1_156' title='bbox 784 2223 852 2288; x_wconf 90' lang='lat' dir='ltr'><strong>post</strong></span> <span class='ocrx_word' id='word_1_157' title='bbox 873 2214 907 2273; x_wconf 93' lang='lat' dir='ltr'><strong>C.</strong></span> <span class='ocrx_word' id='word_1_158' title='bbox 931 2210 1098 2283; x_wconf 84' lang='lat' dir='ltr'><strong>Mancinus,</strong></span> <span class='ocrx_word' id='word_1_159' title='bbox 1119 2210 1171 2287; x_wconf 92' lang='lat' dir='ltr'><strong>qui</strong></span> <span class='ocrx_word' id='word_1_160' title='bbox 1190 2223 1224 2272; x_wconf 92' lang='lat' dir='ltr'><strong>ut</strong></span> <span class='ocrx_word' id='word_1_161' title='bbox 1237 2235 1268 2271; x_wconf 75' lang='lat' dir='ltr'><strong>ro</strong></span> 
     </span>
     <span class='ocr_line' id='line_1_23' title="bbox 183 2307 1221 2386; baseline -0.006 -13"><span class='ocrx_word' id='word_1_162' title='bbox 183 2309 383 2384; x_wconf 87' lang='lat' dir='ltr'><strong>Numantinis,</strong></span> <span class='ocrx_word' id='word_1_163' title='bbox 398 2309 576 2386; x_wconf 89' lang='lat' dir='ltr'><strong>quibuscum</strong></span> <span class='ocrx_word' id='word_1_164' title='bbox 590 2307 653 2367; x_wconf 91' lang='lat' dir='ltr'><strong>sine</strong></span> <span class='ocrx_word' id='word_1_165' title='bbox 667 2319 786 2367; x_wconf 89' lang='lat' dir='ltr'><strong>senatus</strong></span> <span class='ocrx_word' id='word_1_166' title='bbox 800 2308 973 2367; x_wconf 89' lang='lat' dir='ltr'><strong>auctoritate</strong></span> <span class='ocrx_word' id='word_1_167' title='bbox 986 2308 1092 2366; x_wconf 83' lang='lat' dir='ltr'><strong>foedus</strong></span> <span class='ocrx_word' id='word_1_168' title='bbox 1105 2309 1221 2380; x_wconf 84' lang='lat' dir='ltr'><strong>fecerat,</strong></span> 
     </span>
     <span class='ocr_line' id='line_1_24' title="bbox 182 2404 1222 2487; baseline -0.005 -16"><span class='ocrx_word' id='word_1_169' title='bbox 182 2412 348 2484; x_wconf 87' lang='lat' dir='ltr'><strong>dederetur,</strong></span> <span class='ocrx_word' id='word_1_170' title='bbox 362 2409 545 2487; x_wconf 85' lang='lat' dir='ltr'><strong>rogationem</strong></span> <span class='ocrx_word' id='word_1_171' title='bbox 559 2406 650 2465; x_wconf 88' lang='lat' dir='ltr'><strong>suasit</strong></span> <span class='ocrx_word' id='word_1_172' title='bbox 663 2425 739 2478; x_wconf 87' lang='lat' dir='ltr'><strong>eam,</strong></span> <span class='ocrx_word' id='word_1_173' title='bbox 754 2425 843 2483; x_wconf 86' lang='lat' dir='ltr'><strong>quarn</strong></span> <span class='ocrx_word' id='word_1_174' title='bbox 857 2408 891 2464; x_wconf 92' lang='lat' dir='ltr'><strong>L.</strong></span> <span class='ocrx_word' id='word_1_175' title='bbox 907 2404 1020 2476; x_wconf 85' lang='lat' dir='ltr'><strong>Furius,</strong></span> <span class='ocrx_word' id='word_1_176' title='bbox 1034 2407 1099 2464; x_wconf 84' lang='lat' dir='ltr'><strong>Sex.</strong></span> <span class='ocrx_word' id='word_1_177' title='bbox 1114 2405 1222 2466; x_wconf 87' lang='lat' dir='ltr'><strong>Atilius</strong></span> 
     </span>
     <span class='ocr_line' id='line_1_25' title="bbox 182 2499 1223 2578; baseline -0.006 -12"><span class='ocrx_word' id='word_1_178' title='bbox 182 2524 221 2566; x_wconf 85' lang='lat' dir='ltr'><strong>ex</strong></span> <span class='ocrx_word' id='word_1_179' title='bbox 240 2515 359 2566; x_wconf 89' lang='lat' dir='ltr'><strong>senatus</strong></span> <span class='ocrx_word' id='word_1_180' title='bbox 379 2505 514 2564; x_wconf 90' lang='lat' dir='ltr'><strong>consulto</strong></span> <span class='ocrx_word' id='word_1_181' title='bbox 535 2503 685 2562; x_wconf 88' lang='lat' dir='ltr'><strong>serebant:</strong></span> <span class='ocrx_word' id='word_1_182' title='bbox 708 2521 768 2578; x_wconf 90' lang='lat' dir='ltr'><strong>qua</strong></span> <span class='ocrx_word' id='word_1_183' title='bbox 787 2513 910 2577; x_wconf 89' lang='lat' dir='ltr'><strong>accepta</strong></span> <span class='ocrx_word' id='word_1_184' title='bbox 923 2511 967 2560; x_wconf 92' lang='lat' dir='ltr'><strong>est</strong></span> <span class='ocrx_word' id='word_1_185' title='bbox 987 2499 1120 2559; x_wconf 89' lang='lat' dir='ltr'><strong>hostibus</strong></span> <span class='ocrx_word' id='word_1_186' title='bbox 1141 2500 1223 2560; x_wconf 88' lang='lat' dir='ltr'><strong>dedi·</strong></span> 
     </span>
     <span class='ocr_line' id='line_1_26' title="bbox 181 2596 1223 2674; baseline -0.004 -12"><span class='ocrx_word' id='word_1_187' title='bbox 181 2612 237 2662; x_wconf 85' lang='lat' dir='ltr'><strong>tus</strong></span> <span class='ocrx_word' id='word_1_188' title='bbox 274 2600 438 2661; x_wconf 89' lang='lat' dir='ltr'><strong>Honestius</strong></span> <span class='ocrx_word' id='word_1_189' title='bbox 455 2598 504 2658; x_wconf 93' lang='lat' dir='ltr'><strong>hic</strong></span> <span class='ocrx_word' id='word_1_190' title='bbox 524 2616 614 2674; x_wconf 87' lang='lat' dir='ltr'><strong>quarn</strong></span> <span class='ocrx_word' id='word_1_191' title='bbox 633 2599 670 2673; x_wconf 86' lang='lat' dir='ltr'><strong>Q.</strong></span> <span class='ocrx_word' id='word_1_192' title='bbox 694 2597 862 2673; x_wconf 88' lang='lat' dir='ltr'><strong>Pompeius,</strong></span> <span class='ocrx_word' id='word_1_193' title='bbox 884 2617 953 2672; x_wconf 92' lang='lat' dir='ltr'><strong>quo,</strong></span> <span class='ocrx_word' id='word_1_194' title='bbox 974 2616 1044 2655; x_wconf 89' lang='lat' dir='ltr'><strong>curn</strong></span> <span class='ocrx_word' id='word_1_195' title='bbox 1063 2596 1095 2654; x_wconf 91' lang='lat' dir='ltr'><strong>in</strong></span> <span class='ocrx_word' id='word_1_196' title='bbox 1115 2599 1223 2673; x_wconf 84' lang='lat' dir='ltr'><strong>eadem</strong></span> 
     </span>
     <span class='ocr_line' id='line_1_27' title="bbox 180 2690 1263 2771; baseline -0.006 -15"><span class='ocrx_word' id='word_1_197' title='bbox 180 2715 270 2756; x_wconf 85' lang='lat' dir='ltr'><strong>causa</strong></span> <span class='ocrx_word' id='word_1_198' title='bbox 289 2708 376 2769; x_wconf 89' lang='lat' dir='ltr'><strong>esset,</strong></span> <span class='ocrx_word' id='word_1_199' title='bbox 397 2696 575 2771; x_wconf 86' lang='lat' dir='ltr'><strong>deprecante</strong></span> <span class='ocrx_word' id='word_1_200' title='bbox 595 2704 719 2768; x_wconf 89' lang='lat' dir='ltr'><strong>accepta</strong></span> <span class='ocrx_word' id='word_1_201' title='bbox 738 2694 786 2751; x_wconf 84' lang='lat' dir='ltr'><strong>lex</strong></span> <span class='ocrx_word' id='word_1_202' title='bbox 806 2711 868 2751; x_wconf 91' lang='lat' dir='ltr'><strong>non</strong></span> <span class='ocrx_word' id='word_1_203' title='bbox 888 2703 940 2751; x_wconf 88' lang='lat' dir='ltr'><strong>est.</strong></span> <span class='ocrx_word' id='word_1_204' title='bbox 997 2690 1060 2750; x_wconf 90' lang='lat' dir='ltr'><strong>Hic</strong></span> <span class='ocrx_word' id='word_1_205' title='bbox 1079 2711 1123 2766; x_wconf 91' lang='lat' dir='ltr'><strong>ea,</strong></span> <span class='ocrx_word' id='word_1_206' title='bbox 1144 2712 1220 2770; x_wconf 89' lang='lat' dir='ltr'><strong>quae</strong></span> <span class='ocrx_word' id='word_1_207' title='bbox 1233 2715 1263 2764; x_wconf 78' lang='lat'><strong>²5</strong></span> 
     </span>
     <span class='ocr_line' id='line_1_28' title="bbox 180 2789 1222 2866; baseline -0.001 -15"><span class='ocrx_word' id='word_1_208' title='bbox 180 2790 334 2852; x_wconf 84' lang='lat' dir='ltr'><strong>videbatur</strong></span> <span class='ocrx_word' id='word_1_209' title='bbox 353 2791 471 2862; x_wconf 90' lang='lat' dir='ltr'><strong>utilitas,</strong></span> <span class='ocrx_word' id='word_1_210' title='bbox 488 2792 553 2866; x_wconf 91' lang='lat' dir='ltr'><strong>plus</strong></span> <span class='ocrx_word' id='word_1_211' title='bbox 573 2789 665 2848; x_wconf 88' lang='lat' dir='ltr'><strong>valuit</strong></span> <span class='ocrx_word' id='word_1_212' title='bbox 685 2809 775 2866; x_wconf 90' lang='lat' dir='ltr'><strong>quam</strong></span> <span class='ocrx_word' id='word_1_213' title='bbox 795 2790 943 2863; x_wconf 84' lang='lat' dir='ltr'><strong>honestas,</strong></span> <span class='ocrx_word' id='word_1_214' title='bbox 957 2789 1037 2865; x_wconf 88' lang='lat' dir='ltr'><strong>apud</strong></span> <span class='ocrx_word' id='word_1_215' title='bbox 1057 2789 1222 2866; x_wconf 88' lang='lat' dir='ltr'><strong>superiores</strong></span> 
     </span>
     <span class='ocr_line' id='line_1_29' title="bbox 179 2870 1148 2965; baseline -0.002 -17"><span class='ocrx_word' id='word_1_216' title='bbox 179 2870 311 2948; x_wconf 84' lang='lat' dir='ltr'><strong>utilitatis</strong></span> <span class='ocrx_word' id='word_1_217' title='bbox 325 2887 437 2965; x_wconf 90' lang='lat' dir='ltr'><strong>species</strong></span> <span class='ocrx_word' id='word_1_218' title='bbox 451 2887 523 2944; x_wconf 84' lang='lat' dir='ltr'><strong>salsa</strong></span> <span class='ocrx_word' id='word_1_219' title='bbox 537 2886 574 2944; x_wconf 88' lang='lat' dir='ltr'><strong>ab</strong></span> <span class='ocrx_word' id='word_1_220' title='bbox 588 2885 749 2945; x_wconf 89' lang='lat' dir='ltr'><strong>honestatis</strong></span> <span class='ocrx_word' id='word_1_221' title='bbox 763 2885 934 2945; x_wconf 90' lang='lat' dir='ltr'><strong>auctoritate</strong></span> <span class='ocrx_word' id='word_1_222' title='bbox 948 2897 1084 2961; x_wconf 87' lang='lat' dir='ltr'><strong>superata</strong></span> <span class='ocrx_word' id='word_1_223' title='bbox 1096 2897 1148 2946; x_wconf 85' lang='lat' dir='ltr'><strong>est.</strong></span> 
     </span>
    </p>

    <p class='ocr_par' dir='ltr' id='par_1_9' title="bbox 176 2981 1220 3176">
     <span class='ocr_line' id='line_1_30' title="bbox 202 2981 1220 3092; baseline 0.001 -49"><span class='ocrx_word' id='word_1_224' title='bbox 202 3031 232 3092; x_wconf 49' lang='lat' dir='ltr'><strong>(e)</strong></span> <span class='ocrx_word' id='word_1_225' title='bbox 256 3033 276 3074; x_wconf 61' lang='grc' dir='ltr'>Α</span> <span class='ocrx_word' id='word_1_226' title='bbox 297 3045 346 3074; x_wconf 76' lang='lat' dir='ltr'><strong>man</strong></span> <span class='ocrx_word' id='word_1_227' title='bbox 368 3031 393 3073; x_wconf 46' lang='lat' dir='ltr'><strong><em>d</em></strong></span> <span class='ocrx_word' id='word_1_228' title='bbox 490 3002 554 3041; x_wconf 91' lang='lat'><strong>110.</strong></span> <span class='ocrx_word' id='word_1_229' title='bbox 592 2984 645 3039; x_wconf 89' lang='lat' dir='ltr'><strong>‘At</strong></span> <span class='ocrx_word' id='word_1_230' title='bbox 659 3001 720 3040; x_wconf 91' lang='lat' dir='ltr'><strong>non</strong></span> <span class='ocrx_word' id='word_1_231' title='bbox 739 2981 841 3041; x_wconf 87' lang='lat' dir='ltr'><strong>debuit</strong></span> <span class='ocrx_word' id='word_1_232' title='bbox 857 2993 952 3040; x_wconf 88' lang='lat' dir='ltr'><strong>ratum</strong></span> <span class='ocrx_word' id='word_1_233' title='bbox 968 2982 1041 3055; x_wconf 88' lang='lat' dir='ltr'><strong>esse,</strong></span> <span class='ocrx_word' id='word_1_234' title='bbox 1056 2983 1139 3060; x_wconf 93' lang='lat' dir='ltr'><strong>quod</strong></span> <span class='ocrx_word' id='word_1_235' title='bbox 1157 2994 1220 3045; x_wconf 90' lang='lat' dir='ltr'><strong>erat</strong></span> 
     </span>
     <span class='ocr_line' id='line_1_31' title="bbox 176 3077 1219 3176; baseline -0.001 -36"><span class='ocrx_word' id='word_1_236' title='bbox 176 3082 391 3176; x_wconf 42' lang='lat' dir='ltr'><strong>mannasse</strong></span> <span class='ocrx_word' id='word_1_237' title='bbox 429 3089 529 3138; x_wconf 89' lang='lat' dir='ltr'><strong>actum</strong></span> <span class='ocrx_word' id='word_1_238' title='bbox 542 3098 596 3154; x_wconf 91' lang='lat' dir='ltr'><strong>per</strong></span> <span class='ocrx_word' id='word_1_239' title='bbox 608 3077 686 3136; x_wconf 68' lang='lat' dir='ltr'><strong>vim!</strong></span> <span class='ocrx_word' id='word_1_240' title='bbox 729 3078 821 3153; x_wconf 89' lang='lat' dir='ltr'><strong>Quasi</strong></span> <span class='ocrx_word' id='word_1_241' title='bbox 834 3097 904 3138; x_wconf 88' lang='lat' dir='ltr'><strong>vero</strong></span> <span class='ocrx_word' id='word_1_242' title='bbox 925 3077 992 3137; x_wconf 86' lang='lat' dir='ltr'><strong>sorti</strong></span> <span class='ocrx_word' id='word_1_243' title='bbox 1009 3078 1071 3138; x_wconf 89' lang='lat' dir='ltr'><strong>viro</strong></span> <span class='ocrx_word' id='word_1_244' title='bbox 1090 3080 1133 3138; x_wconf 91' lang='lat' dir='ltr'><strong>vis</strong></span> <span class='ocrx_word' id='word_1_245' title='bbox 1153 3098 1219 3156; x_wconf 91' lang='lat' dir='ltr'><strong>pos·</strong></span> 
     </span>
    </p>
   </div>
   <div class='ocr_carea' id='block_1_6' title="bbox 202 3173 1262 3251">
    <p class='ocr_par' dir='ltr' id='par_1_10' title="bbox 202 3173 1262 3251">
     <span class='ocr_line' id='line_1_32' title="bbox 202 3173 1262 3251; baseline -0.01 -9"><span class='ocrx_word' id='word_1_246' title='bbox 202 3201 231 3242; x_wconf 74' lang='lat' dir='ltr'><strong>ut</strong></span> <span class='ocrx_word' id='word_1_247' title='bbox 255 3201 302 3241; x_wconf 71' lang='lat' dir='ltr'><strong>rae</strong></span> <span class='ocrx_word' id='word_1_248' title='bbox 315 3200 358 3241; x_wconf 67' lang='lat' dir='ltr'><strong>aa</strong></span> <span class='ocrx_word' id='word_1_249' title='bbox 369 3199 393 3240; x_wconf 72' lang='lat' dir='ltr'><strong>or</strong></span> <span class='ocrx_word' id='word_1_250' title='bbox 428 3175 465 3234; x_wconf 91' lang='lat' dir='ltr'><strong>sit</strong></span> <span class='ocrx_word' id='word_1_251' title='bbox 478 3174 618 3235; x_wconf 85' lang='lat' dir='ltr'><strong>adhiberi.</strong></span> <span class='ocrx_word' id='word_1_252' title='bbox 663 3175 737 3234; x_wconf 91' lang='lat' dir='ltr'><strong>‘Cur</strong></span> <span class='ocrx_word' id='word_1_253' title='bbox 750 3173 836 3250; x_wconf 83' lang='lat' dir='ltr'><strong>igitur</strong></span> <span class='ocrx_word' id='word_1_254' title='bbox 848 3175 887 3234; x_wconf 92' lang='lat' dir='ltr'><strong>ad</strong></span> <span class='ocrx_word' id='word_1_255' title='bbox 907 3186 1041 3233; x_wconf 88' lang='lat' dir='ltr'><strong>senatum</strong></span> <span class='ocrx_word' id='word_1_256' title='bbox 1055 3174 1218 3251; x_wconf 86' lang='lat' dir='ltr'><strong>proficisce-</strong></span> <span class='ocrx_word' id='word_1_257' title='bbox 1231 3196 1262 3246; x_wconf 81' lang='lat'><strong>30</strong></span> 
     </span>
    </p>
   </div>
   <div class='ocr_carea' id='block_1_7' title="bbox 176 3248 1219 3354">
    <p class='ocr_par' dir='ltr' id='par_1_11' title="bbox 176 3248 1219 3354">
     <span class='ocr_line' id='line_1_33' title="bbox 176 3248 1219 3354; baseline 0.002 -24"><span class='ocrx_word' id='word_1_258' title='bbox 176 3248 213 3342; x_wconf 51' lang='grc' dir='ltr'><strong>ἓξ</strong></span> <span class='ocrx_word' id='word_1_259' title='bbox 226 3251 390 3340; x_wconf 56' lang='lat' dir='ltr'><strong>mfflssff‘sskiss}</strong></span> <span class='ocrx_word' id='word_1_260' title='bbox 427 3271 524 3354; x_wconf 82' lang='lat' dir='ltr'><strong>batur,</strong></span> <span class='ocrx_word' id='word_1_261' title='bbox 545 3289 613 3329; x_wconf 92' lang='lat' dir='ltr'><strong>cum</strong></span> <span class='ocrx_word' id='word_1_262' title='bbox 635 3269 804 3346; x_wconf 88' lang='lat' dir='ltr'><strong>praesertim</strong></span> <span class='ocrx_word' id='word_1_263' title='bbox 827 3271 864 3330; x_wconf 91' lang='lat' dir='ltr'><strong>de</strong></span> <span class='ocrx_word' id='word_1_264' title='bbox 887 3270 1009 3346; x_wconf 86' lang='lat' dir='ltr'><strong>captivis</strong></span> <span class='ocrx_word' id='word_1_265' title='bbox 1036 3270 1219 3332; x_wconf 89' lang='lat' dir='ltr'><strong>dissuasurus</strong></span> 
     </span>
    </p>
   </div>
   <div class='ocr_carea' id='block_1_8' title="bbox 176 3349 1259 3739">
    <p class='ocr_par' dir='ltr' id='par_1_12' title="bbox 176 3349 1259 3739">
     <span class='ocr_line' id='line_1_34' title="bbox 176 3349 1217 3453; baseline 0.004 -28"><span class='ocrx_word' id='word_1_266' title='bbox 176 3349 228 3451; x_wconf 54' lang='grc' dir='ltr'><strong>ἓξὲξ,</strong></span> <span class='ocrx_word' id='word_1_267' title='bbox 240 3351 302 3441; x_wconf 55' lang='lat' dir='ltr'><strong>m</strong></span> <span class='ocrx_word' id='word_1_268' title='bbox 314 3350 343 3441; x_wconf 58' lang='lat' dir='ltr'><strong>§ss</strong></span> <span class='ocrx_word' id='word_1_269' title='bbox 351 3350 390 3440; x_wconf 56' lang='lat' dir='ltr'><strong>fili:</strong></span> <span class='ocrx_word' id='word_1_270' title='bbox 428 3366 537 3426; x_wconf 81' lang='lat' dir='ltr'><strong>esseti’</strong></span> <span class='ocrx_word' id='word_1_271' title='bbox 580 3367 670 3441; x_wconf 86' lang='lat' dir='ltr'><strong>Quod</strong></span> <span class='ocrx_word' id='word_1_272' title='bbox 685 3365 844 3424; x_wconf 87' lang='lat' dir='ltr'><strong>maximum</strong></span> <span class='ocrx_word' id='word_1_273' title='bbox 858 3365 889 3424; x_wconf 88' lang='lat' dir='ltr'><strong>in</strong></span> <span class='ocrx_word' id='word_1_274' title='bbox 904 3385 941 3426; x_wconf 91' lang='lat' dir='ltr'><strong>eo</strong></span> <span class='ocrx_word' id='word_1_275' title='bbox 954 3376 1007 3439; x_wconf 88' lang='lat' dir='ltr'><strong>est,</strong></span> <span class='ocrx_word' id='word_1_276' title='bbox 1018 3366 1049 3425; x_wconf 89' lang='lat' dir='ltr'><strong>id</strong></span> <span class='ocrx_word' id='word_1_277' title='bbox 1063 3369 1217 3453; x_wconf 82' lang='lat' dir='ltr'><strong>reprehen-</strong></span> 
     </span>
     <span class='ocr_line' id='line_1_35' title="bbox 176 3462 1218 3535; baseline 0.004 -14"><span class='ocrx_word' id='word_1_278' title='bbox 176 3463 235 3494; x_wconf 59' lang='grc' dir='ltr'><strong>Μ’</strong></span> <span class='ocrx_word' id='word_1_279' title='bbox 427 3462 503 3522; x_wconf 90' lang='lat' dir='ltr'><strong>ditis.</strong></span> <span class='ocrx_word' id='word_1_280' title='bbox 550 3464 620 3522; x_wconf 92' lang='lat' dir='ltr'><strong>Non</strong></span> <span class='ocrx_word' id='word_1_281' title='bbox 648 3462 728 3522; x_wconf 90' lang='lat' dir='ltr'><strong>enim</strong></span> <span class='ocrx_word' id='word_1_282' title='bbox 755 3482 810 3522; x_wconf 93' lang='lat' dir='ltr'><strong>suo</strong></span> <span class='ocrx_word' id='word_1_283' title='bbox 836 3462 948 3522; x_wconf 91' lang='lat' dir='ltr'><strong>iudicio</strong></span> <span class='ocrx_word' id='word_1_284' title='bbox 975 3462 1061 3535; x_wconf 89' lang='lat' dir='ltr'><strong>stetit,</strong></span> <span class='ocrx_word' id='word_1_285' title='bbox 1084 3465 1137 3523; x_wconf 91' lang='lat' dir='ltr'><strong>sed</strong></span> <span class='ocrx_word' id='word_1_286' title='bbox 1158 3485 1218 3526; x_wconf 90' lang='lat' dir='ltr'><strong>sus·</strong></span> 
     </span>
     <span class='ocr_line' id='line_1_36' title="bbox 176 3546 1217 3640; baseline 0.003 -21"><span class='ocrx_word' id='word_1_287' title='bbox 176 3559 256 3635; x_wconf 90' lang='lat' dir='ltr'><strong>cepit</strong></span> <span class='ocrx_word' id='word_1_288' title='bbox 275 3577 402 3632; x_wconf 86' lang='lat' dir='ltr'><strong>causam,</strong></span> <span class='ocrx_word' id='word_1_289' title='bbox 422 3571 455 3618; x_wconf 92' lang='lat' dir='ltr'><strong>ut</strong></span> <span class='ocrx_word' id='word_1_290' title='bbox 478 3571 555 3640; x_wconf 89' lang='lat' dir='ltr'><strong>esset</strong></span> <span class='ocrx_word' id='word_1_291' title='bbox 571 3559 713 3619; x_wconf 90' lang='lat' dir='ltr'><strong>iudicium</strong></span> <span class='ocrx_word' id='word_1_292' title='bbox 730 3572 862 3620; x_wconf 87' lang='lat' dir='ltr'><strong>senatus:</strong></span> <span class='ocrx_word' id='word_1_293' title='bbox 890 3559 938 3618; x_wconf 90' lang='lat' dir='ltr'><strong>cui</strong></span> <span class='ocrx_word' id='word_1_294' title='bbox 960 3559 1016 3618; x_wconf 92' lang='lat' dir='ltr'><strong>nisi</strong></span> <span class='ocrx_word' id='word_1_295' title='bbox 1035 3546 1098 3636; x_wconf 87' lang='lat' dir='ltr'><strong>ipse</strong></span> <span class='ocrx_word' id='word_1_296' title='bbox 1115 3573 1217 3622; x_wconf 88' lang='lat' dir='ltr'><strong>auctor</strong></span> 
     </span>
     <span class='ocr_line' id='line_1_37' title="bbox 176 3651 1259 3739; baseline 0.005 -25"><span class='ocrx_word' id='word_1_297' title='bbox 176 3651 287 3739; x_wconf 82' lang='lat' dir='ltr'><strong>suisset,</strong></span> <span class='ocrx_word' id='word_1_298' title='bbox 302 3654 409 3732; x_wconf 89' lang='lat' dir='ltr'><strong>captivi</strong></span> <span class='ocrx_word' id='word_1_299' title='bbox 423 3657 557 3732; x_wconf 84' lang='lat' dir='ltr'><strong>profecto</strong></span> <span class='ocrx_word' id='word_1_300' title='bbox 573 3655 680 3716; x_wconf 91' lang='lat' dir='ltr'><strong>Poenis</strong></span> <span class='ocrx_word' id='word_1_301' title='bbox 694 3656 802 3716; x_wconf 89' lang='lat' dir='ltr'><strong>redditi</strong></span> <span class='ocrx_word' id='word_1_302' title='bbox 816 3667 921 3717; x_wconf 90' lang='lat' dir='ltr'><strong>essent.</strong></span> <span class='ocrx_word' id='word_1_303' title='bbox 955 3658 1003 3715; x_wconf 86' lang='lat' dir='ltr'><strong>Ita</strong></span> <span class='ocrx_word' id='word_1_304' title='bbox 1016 3656 1171 3717; x_wconf 90' lang='lat' dir='ltr'><strong>incolumis</strong></span> <span class='ocrx_word' id='word_1_305' title='bbox 1185 3659 1216 3719; x_wconf 90' lang='lat' dir='ltr'><strong>in</strong></span> <span class='ocrx_word' id='word_1_306' title='bbox 1230 3675 1259 3727; x_wconf 81' lang='lat'><strong>35</strong></span> 
     </span>
    </p>
   </div>
   <div class='ocr_carea' id='block_1_9' title="bbox 174 3750 1217 3836">
    <p class='ocr_par' dir='ltr' id='par_1_13' title="bbox 174 3750 1217 3836">
     <span class='ocr_line' id='line_1_38' title="bbox 174 3750 1217 3836; baseline 0.004 -24"><span class='ocrx_word' id='word_1_307' title='bbox 174 3750 270 3830; x_wconf 85' lang='lat' dir='ltr'><strong>patria</strong></span> <span class='ocrx_word' id='word_1_308' title='bbox 285 3753 426 3836; x_wconf 81' lang='lat' dir='ltr'><strong>Regulus.</strong></span> <span class='ocrx_word' id='word_1_309' title='bbox 437 3752 597 3831; x_wconf 82' lang='lat' dir='ltr'><strong>restitisset</strong></span> <span class='ocrx_word' id='word_1_310' title='bbox 640 3754 732 3830; x_wconf 87' lang='lat' dir='ltr'><strong>Quod</strong></span> <span class='ocrx_word' id='word_1_311' title='bbox 751 3753 821 3829; x_wconf 89' lang='lat' dir='ltr'><strong>quia</strong></span> <span class='ocrx_word' id='word_1_312' title='bbox 838 3752 948 3830; x_wconf 87' lang='lat' dir='ltr'><strong>patriae</strong></span> <span class='ocrx_word' id='word_1_313' title='bbox 967 3773 1027 3813; x_wconf 90' lang='lat' dir='ltr'><strong>non</strong></span> <span class='ocrx_word' id='word_1_314' title='bbox 1047 3754 1117 3814; x_wconf 90' lang='lat' dir='ltr'><strong>utile</strong></span> <span class='ocrx_word' id='word_1_315' title='bbox 1134 3766 1217 3831; x_wconf 89' lang='lat' dir='ltr'><strong>puta-</strong></span> 
     </span>
    </p>
   </div>
   <div class='ocr_carea' id='block_1_10' title="bbox 75 3861 1140 4032">
    <p class='ocr_par' dir='ltr' id='par_1_14' title="bbox 75 3861 1140 4032">
     <span class='ocr_line' id='line_1_39' title="bbox 75 3861 1140 4032; baseline 0.005 -121"><span class='ocrx_word' id='word_1_316' title='bbox 75 3884 209 4032; x_wconf 64' lang='grc' dir='ltr'>Ἷ</span> <span class='ocrx_word' id='word_1_317' title='bbox 271 3861 471 3914; x_wconf 87' lang='lat' dir='ltr'><strong>6condictiones</strong></span> <span class='ocrx_word' id='word_1_318' title='bbox 485 3865 569 3915; x_wconf 84' lang='lat' dir='ltr'><strong>OrAl</strong></span> <span class='ocrx_word' id='word_1_319' title='bbox 602 3867 612 3922; x_wconf 85' lang='grc' dir='ltr'><strong>ΙΙ</strong></span> <span class='ocrx_word' id='word_1_320' title='bbox 648 3878 678 3914; x_wconf 79' lang='lat' dir='ltr'><strong>aa</strong></span> <span class='ocrx_word' id='word_1_321' title='bbox 697 3865 724 3915; x_wconf 87' lang='lat' dir='ltr'><strong>P.</strong></span> <span class='ocrx_word' id='word_1_322' title='bbox 739 3864 827 3917; x_wconf 87' lang='lat' dir='ltr'><strong>Furius</strong></span> <span class='ocrx_word' id='word_1_323' title='bbox 841 3867 942 3919; x_wconf 77' lang='lat' dir='ltr'><strong>Orcum</strong></span> <span class='ocrx_word' id='word_1_324' title='bbox 956 3866 1140 3933; x_wconf 51' lang='lat' dir='ltr'><strong>omnious,</strong></span> 
     </span>
    </p>
   </div>
   <div class='ocr_carea' id='block_1_11' title="bbox 0 0 1340 4296">
    <p class='ocr_par' dir='ltr' id='par_1_15' title="bbox 0 0 1340 4296">
     <span class='ocr_line' id='line_1_40' title="bbox 0 0 1340 4296; baseline 0 2"><span class='ocrx_word' id='word_1_325' title='bbox 0 0 1340 4296; x_wconf 95' lang='lat' dir='ltr'><strong> </strong></span> 
     </span>
    </p>
   </div>
  </div>
 </body>
</html>
