2716 4290
88 229 124 292 11
140 246 171 291 ιν
188 225 236 311 15]
546 230 596 289 De
614 229 681 287 utili
1094 222 1131 299 ⁶5

890 331 1132 346 t--G—

88 391 301 485 ffiffiwdwgssgg
339 394 469 455 inanima
483 393 617 466 diximus,
634 396 772 471 pleraque
787 403 854 452 sunt
868 390 1023 452 hominum
1037 387 1132 469 operis

89 491 170 586 ml
184 492 245 535 ’1⁰⁸⁰
262 507 301 537 ⁰⁸⁸¹
340 495 452 565 effecta,
468 509 543 570 quae
565 510 620 551 nec
641 490 823 562 haberemus,
839 487 895 548 nisi
915 505 1020 547 manus
1038 497 1068 547 et
1086 504 1133 547 ars

169 572 175 586 ⁶
339 588 518 662 accessisset,
530 607 585 648 nec
596 587 630 647 iis
642 587 704 649 sine
716 587 869 648 hominum
881 584 1132 647 administratione

91 696 245 749 uteremur.
288 688 395 763 Neque
420 685 498 745 enim
523 684 697 746 valetudinis
724 683 836 745 curatio
864 702 959 760 neque
988 679 1132 759 navigatio

90 802 188 861 neque
206 781 266 861 agri
285 784 397 843 cultura
416 801 512 859 neque
531 783 644 859 frugum
659 782 864 857 fructuumque
878 778 1057 856 reliquorum
1071 795 1133 855 per·
1162 797 1176 846 ⁵

90 878 189 959 ceptio
209 891 239 940 et
260 877 442 939 conservatio
464 877 526 939 sine
548 876 702 937 hominum
720 895 810 954 opera
828 877 887 935 ulla
902 893 967 936 esse
980 873 1131 951 potuisset

94 994 139 1054 13.
182 977 247 1035 Iam
261 993 331 1035 vero
349 984 379 1035 et
396 993 495 1035 earum
509 993 612 1048 rerum,
621 973 728 1051 quibus
741 973 964 1044 abundaremus,
971 967 1133 1048 exportatio

91 1082 121 1135 et
141 1090 249 1146 earum,
263 1070 368 1149 quibus
389 1089 549 1149 egeremus,
562 1069 689 1129 invectio
711 1080 788 1130 certe
810 1069 890 1128 nulla
911 1077 996 1140 esset,
1012 1065 1068 1126 nisi
1089 1064 1134 1125 his

92 1167 261 1229 muneribus
271 1166 406 1227 homines
416 1168 610 1242 fungerentur.
644 1165 815 1242 Eademque
826 1163 937 1224 ratione
952 1181 1007 1223 nec
1021 1161 1135 1240 lapides

92 1268 200 1322 eterra
216 1257 418 1319 exciderentur
435 1259 474 1317 ad
494 1277 579 1316 usum
602 1268 734 1317 nostrum
754 1254 918 1332 necessarii,
930 1274 987 1315 nec
1007 1256 1133 1314 serrum
1151 1278 1178 1313 ro

94 1373 152 1417 ees
182 1372 301 1414 aurum
325 1364 506 1432 argentum
531 1353 707 1413 effoderetur
748 1349 865 1429 penitus
902 1348 1036 1409 abditum
1072 1349 1135 1410 sine

45 1453 84 1507 tv
95 1449 258 1523 hominum¹
270 1449 370 1509 labore
390 1459 420 1509 et
441 1468 538 1509 manu.
581 1450 674 1509 Tecta
687 1447 876 1526 ver0,quibus
892 1458 922 1508 et
940 1446 1081 1526 frigorum¹
1093 1445 1136 1506 vis

94 1547 249 1627 pelleretur
276 1555 305 1606 et
332 1546 463 1604 calorum
491 1544 641 1605 molestiae
669 1545 847 1618 sedarentur,
872 1545 952 1604 unde
978 1555 1028 1604 aut
1052 1542 1136 1603 initio

92 1641 193 1723 generi
213 1643 343 1701 humano
366 1640 427 1700 dari
446 1640 610 1718 potuissent
629 1651 678 1700 aut
699 1652 803 1718 postea
823 1639 978 1714 subveniri,
996 1639 1020 1700 si
1039 1649 1089 1699 aut
1107 1638 1136 1699 vi

93 1736 276 1817 tempestatis
294 1749 345 1797 aut
364 1747 551 1797 terraemotu
566 1747 616 1797 aut
630 1749 773 1797 vetustate
788 1736 971 1808 cecidissent,
987 1735 1042 1795 nisi
1056 1754 1135 1796 com·
1151 1753 1178 1803 15

93 1833 192 1896 munis
202 1833 261 1893 vita
274 1834 312 1893 ab
326 1832 494 1892 hominibus
509 1833 611 1892 harum
625 1852 721 1893 rerum
735 1832 843 1892 auxilia
856 1843 954 1910 petere
965 1831 1137 1893 didicisset?

98 1949 143 2003 14.
165 1930 253 1989 Adde
272 1929 376 1988 ductus
396 1948 546 2005 aquarum,
561 1928 755 1989 derivationes
770 1927 933 2002 fluminum,
948 1946 1082 2007 agrorum
1096 1926 1139 1987 in·

93 2024 258 2104 rigationes,
275 2027 367 2085 moles
382 2024 531 2101 oppositas
545 2024 690 2098 fluctibus,
706 2035 807 2102 portus
826 2026 1039 2087 manufactos:
1062 2043 1137 2101 quae

94 2121 175 2183 unde
194 2120 257 2181 sine
277 2120 431 2180 hominum
445 2139 533 2199 opere
548 2121 655 2181 habere
669 2124 845 2198 possemus?
886 2117 931 2182 Ex
946 2121 1052 2200 quibus
1066 2124 1138 2182 mul·

95 2216 191 2294 tisque
213 2215 276 2276 aliis
301 2216 487 2293 perspicuum
510 2228 561 2288 est,
583 2216 633 2293 qui
655 2218 765 2278 fructus
787 2237 921 2299 quaeque
942 2218 1080 2280 utilitates
1103 2238 1137 2279 ex
1150 2233 1181 2267 ²0

95 2314 182 2375 rebus
200 2312 235 2372 iis
250 2332 325 2389 quoe
345 2311 403 2371 sint
421 2311 567 2373 inanimae
586 2313 791 2392 percipiantur,
807 2333 856 2375 eas
876 2333 930 2375 nos
950 2317 1031 2375 nullo
1046 2316 1138 2376 modo

96 2408 159 2470 sine
173 2408 328 2469 hominum
344 2427 431 2467 manu
446 2420 534 2485 atque
549 2428 638 2486 opera
650 2429 753 2488 capere
764 2410 903 2487 potuisse.
940 2411 999 2486 Qui
1010 2411 1138 2487 denique

96 2524 133 2568 ex
147 2504 247 2565 bestiis
259 2507 367 2564 fructus
378 2516 427 2564 aut
439 2523 514 2581 quae
529 2506 735 2579 commoditas,
748 2507 803 2567 nisi
817 2506 953 2569 homines
967 2507 1148 2580 adiuvarent,

96 2600 208 2679 percipi
222 2601 344 2678 posset?
380 2602 458 2659 Nam
472 2611 502 2661 et
513 2601 563 2679 qui
577 2602 724 2680 principes
738 2602 907 2664 inveniendi
922 2606 1139 2683 suerunt,quem

97 2716 134 2758 ex
145 2716 261 2773 quaque
275 2697 363 2757 belua
377 2716 462 2756 usum
477 2698 584 2759 habere
599 2717 757 2776 possemus,
765 2699 900 2761 homines
915 2711 993 2762 certe
1007 2701 1133 2770 fuerunt,
1152 2708 1182 2758 ²5

97 2811 153 2855 nec
172 2794 230 2853 hoc
249 2803 382 2869 tempore
401 2792 464 2852 sine
484 2794 637 2854 hominum
657 2814 745 2872 opera
762 2807 811 2855 aut
826 2815 944 2873 pascere
959 2816 1008 2857 eas
1022 2807 1071 2857 aut
1085 2797 1141 2857 do·

98 2908 187 2960 mare,
198 2899 247 2948 aut
267 2888 339 2948 tueri
359 2900 409 2947 aut
426 2889 614 2968 tempestivos
629 2892 737 2951 fructus
751 2911 787 2952 ex
807 2889 842 2951 iis
860 2911 963 2969 capere
978 2911 1139 2971 possemus,

97 2985 135 3046 ab
156 2985 327 3060 eisdemque
349 2996 377 3043 et
399 3004 451 3045 eae
472 3003 548 3062 quae
569 2998 677 3047 nocent
699 2987 908 3048 interficiuntur
928 3000 957 3049 et
978 3008 1054 3066 quae
1075 2989 1140 3050 usui

98 3091 222 3159 possunt
250 3100 313 3140 esse
341 3080 503 3156 capiuntur.
549 3097 592 3159 15.
636 3082 717 3158 Quid
745 3103 913 3145 enumerem
938 3084 1043 3145 artium
1067 3086 1141 3145 mul-

99 3176 266 3247 titudinem,
289 3176 351 3236 sine
384 3176 489 3253 quibus
521 3177 580 3238 vita
615 3178 737 3239 omnino
769 3181 850 3239 nulla
881 3199 945 3242 esse
977 3181 1185 3259 potuisseti³²

100 3272 159 3349 Qui
178 3272 257 3332 enim
275 3272 367 3348 aegris
386 3272 594 3346 subveniretur,
610 3293 686 3351 quae
705 3286 781 3336 esset
800 3276 958 3338 oblectatio
971 3278 1140 3350 valentium,

99 3367 149 3445 qui
173 3367 267 3427 victus
291 3379 342 3428 aut
366 3370 470 3441 cultus,
494 3368 550 3429 nisi
575 3381 636 3430 tarn
660 3372 769 3432 multae
791 3372 877 3433 nobis
899 3384 975 3434 artes
997 3373 1141 3436 ministra·

99 3467 186 3525 rent?
219 3463 326 3542 quibus
354 3465 440 3525 rebus
467 3468 584 3527 exculta
612 3467 764 3527 hominum
787 3468 846 3529 vita
872 3479 987 3531 tantum
1014 3471 1144 3533 distata

153 3659 182 3708 14
203 3645 332 3696 subvenire
349 3646 389 3696 Ba
408 3663 462 3696 cum
480 3648 572 3711 aliquo!
587 3650 652 3699 cosli.
690 3654 699 3707 11
740 3663 767 3714 rq
787 3667 860 3716 opere
881 3669 935 3702 carne
950 3654 1014 3704 catal.
1036 3654 1073 3705 Or
1091 3656 1139 3713 Lu,

100 3741 177 3793 opera
199 3728 238 3775 Ba
257 3728 341 3783 Her'ne,
370 3732 379 3786 11
417 3744 444 3779 ar
471 3730 519 3779 sint
539 3730 579 3780 Ba
600 3730 679 3781 ller’ne
694 3741 750 3796 sunt
767 3734 804 3785 Or
813 3736 851 3786 Be
883 3738 893 3792 11
934 3749 961 3798 31
980 3736 1141 3801 qui-subve·

101 3808 193 3858 niretur
212 3809 346 3857 Gcrnlmrd
363 3810 403 3858 Ba
425 3810 502 3859 Helm
519 3811 566 3871 Lu,
589 3812 631 3876 qui
650 3819 695 3860 out
711 3813 765 3877 quis
781 3821 826 3862 oret
844 3816 902 3883 quid
923 3816 1062 3869 subveniret
1077 3819 1142 3868 cordi.

104 3894 114 3948 1
135 3904 164 3953 33
185 3888 277 3938 destitit
291 3889 433 3949 (ammovit
445 3887 479 3954 re)
492 3890 531 3939 lla
543 3906 596 3943 cunr
603 3893 724 3958 plerisque
734 3895 798 3943 ινιίιί.

182 4001 239 4046 erc.
256 3987 289 4044 de
304 3986 362 4063 Off.
1055 4011 1081 4073 ξ
