2670 4296
169 228 208 288 80
556 225 607 283 De
623 221 792 299 beneficentio
1050 211 1097 296 [11
1114 233 1156 276 xv
1172 231 1210 292 54

169 415 265 468 suum,
293 396 347 454 sed
371 393 536 452 ministrum
563 402 593 451 et
619 389 815 467 praebitorem
843 397 959 468 sperent
984 387 1078 445 lore?'
1125 387 1208 444 Bene

171 491 353 551 ‘ministrum
388 499 418 549 et
451 487 664 564 praebitorem,
699 485 770 562 quia
807 483 960 544 sordidum
993 481 1062 559 regi,
1102 479 1208 540 melius

170 588 268 660 etiam,
284 587 366 663 quod
383 582 567 661 largitionem
587 582 782 658 corruptelam
801 599 865 640 esse
879 578 960 639 dixit.
1003 577 1051 636 Fit
1065 576 1144 639 enim
1161 577 1211 636 de-

171 683 259 745 terior
273 681 323 758 qui
337 680 443 757 accipit
457 691 545 755 atque
563 679 602 738 ad
615 678 696 738 idem
711 696 826 752 semper
842 675 1058 752 expectandum
1076 671 1210 750 paratior.

172 796 219 857 54.
263 781 333 837 Hoc
352 777 400 836 ille
413 775 483 847 filio,
498 776 552 834 sed
565 771 755 851 praeceptum
769 783 907 848 putemus
925 769 1073 830 omnibus.
1103 772 1211 845 Quam·
1241 785 1254 833 5

171 876 272 937 obrem
294 874 325 934 id
346 872 468 949 quidem
491 891 552 931 non
572 869 696 930 dubium
717 879 770 940 est,
792 867 863 944 quin
884 867 934 926 illa
947 864 1119 942 benignitas,
1135 885 1211 943 quae

171 981 286 1032 constet
300 990 337 1029 ex
351 987 440 1045 opera
454 978 484 1028 et
498 965 649 1038 industria,
669 977 699 1025 et
713 964 864 1024 honestior
878 963 914 1022 sit
928 974 958 1022 et
971 961 1057 1022 latius
1071 973 1169 1038 pateat
1183 973 1212 1021 et

421 1062 513 1140 possit
526 1063 667 1138 prodesse
681 1059 830 1137 pluribus:
847 1053 913 1118 'non
932 1076 1094 1135 numquam
1113 1069 1213 1118 tamen

172 1118 381 1168 Theevilsrcsulting

172 1168 381 1269 lll'bollfl'ffidil
421 1170 465 1218 est
484 1158 667 1235 largiendum
689 1177 744 1216 nec
765 1157 823 1215 hoc
839 1153 1026 1231 benignitatis
1042 1174 1134 1231 genus
1153 1173 1214 1214 om-

172 1268 254 1328 wnun,
285 1281 381 1318 compass
421 1273 492 1313 nmo
514 1253 731 1330 repudiandum
753 1261 797 1311 est
821 1260 851 1309 et
872 1268 960 1324 saepe
985 1248 1100 1309 idoneis
1121 1248 1214 1323 homi-
1228 1266 1258 1304 ro

172 1317 382 1419 {iiaw¹¹i0d⁰⁰yiii
421 1351 507 1410 nibus
522 1350 721 1428 indigentibus
733 1350 770 1408 de
785 1345 964 1408 re'familiari
975 1346 1213 1425 impertiendum,
1223 1338 1240 1367 ⁰·

174 1431 252 1460 mem
422 1448 475 1507 sed
503 1447 657 1524 diligenter
683 1458 773 1522 atque
807 1447 966 1504 moderate.
1012 1446 1100 1505 Multi
1134 1446 1214 1508 enirn

172 1542 347 1621 patrimonia
365 1545 533 1604 effuderunt
554 1543 719 1602 inconsulte
741 1531 901 1619 largiendo.
945 1542 1027 1616 Quid
1048 1555 1148 1603 autem
1169 1555 1213 1605 est

173 1640 288 1712 stultius
303 1658 392 1715 quam
421 1641 503 1715 quod
522 1639 647 1699 libenter
665 1639 763 1712 facias,
784 1659 884 1698 curare
899 1649 931 1698 ut
946 1638 976 1698 id
991 1639 1100 1699 diutius
1119 1642 1213 1701 facere

174 1757 234 1797 non
261 1738 377 1814 possis?
417 1742 515 1814 Atque
549 1738 639 1798 etiam
674 1749 835 1814 sequuntur
868 1737 1052 1815 largitionem
1086 1738 1212 1814 rapinae.
1230 1751 1257 1802 ¹5

175 1835 253 1894 Cum
281 1833 360 1891 enirn
392 1834 493 1893 dando
527 1853 612 1910 egere
647 1843 817 1909 coeperunt,
853 1831 955 1891 alienis
990 1830 1075 1891 bonis
1109 1852 1214 1894 manus

173 1931 275 1990 afferre
293 1941 445 2006 coguntur.
490 1932 545 2000 Ita,
560 1949 629 1988 curn
648 1926 871 1992 benevolentiae
891 1929 1107 2003 comparandae
1126 1949 1215 1989 causa

173 2025 300 2087 benefici
314 2045 378 2085 esse
392 2025 491 2099 velint,
504 2046 565 2085 non
579 2008 661 2085 tanta
674 2025 772 2085 studia
786 2034 981 2099 assequuntur
994 2025 1214 2102 eorumquibus

174 2124 328 2194 dederunt,
346 2133 456 2198 quanta
470 2123 540 2182 odia
557 2142 667 2198 eorum,
675 2121 781 2198 quibus
800 2123 982 2181 ademerunt.
1027 2138 1072 2198 55.
1116 2125 1214 2199 Quam

131 2262 133 2266 μ
173 2218 289 2279 obrem
303 2237 359 2277 nec
373 2216 413 2276 ita
432 2218 599 2276 claudenda
617 2237 662 2277 res
681 2228 725 2277 est
745 2215 902 2288 familiaris,
922 2227 955 2275 ut
969 2236 1035 2275 eam
1050 2217 1213 2296 benignitas
1228 2237 1259 2272 πο

172 2314 283 2391 aperire
298 2333 358 2373 non
372 2314 472 2390 possit,
485 2334 540 2372 nec
555 2314 596 2373 ita
609 2315 772 2385 reseranda,
785 2326 818 2373 ut
828 2325 927 2391 pateat
941 2315 1094 2375 omnibus:
1108 2319 1214 2376 modus

172 2413 346 2473 adhibeatur
366 2412 450 2489 isque
471 2415 610 2472 reseratur
630 2415 669 2473 ad
690 2416 850 2473 facultates.
894 2413 1027 2474 Omnino
1045 2414 1214 2475 meminisse

173 2509 316 2568 debemus
337 2507 377 2580 id,
400 2509 482 2583 quod
502 2528 520 2567 a
541 2508 646 2568 nostris
667 2508 836 2568 hominibus
855 2509 1024 2585 saepissime
1043 2521 1214 2586 usurpatum

173 2605 232 2664 iam
246 2604 276 2662 in
291 2604 436 2681 proverbii
450 2604 697 2664 consuetudinem
711 2604 799 2677 venit,
807 2598 998 2682 ‘largitionem
1012 2607 1137 2665 fundum
1152 2626 1212 2666 non

173 2703 301 2761 habere’.
325 2700 444 2760 Etenim
458 2701 524 2777 quis
538 2712 635 2777 potest
649 2702 757 2760 modus
770 2721 843 2774 esse,
859 2721 928 2761 cum
942 2712 972 2762 et
985 2701 1066 2762 idem
1080 2703 1131 2780 qui
1145 2724 1213 2764 con·
1229 2727 1241 2759 2
1245 2725 1258 2774 5

174 2808 294 2858 suemnt
308 2808 337 2857 et
350 2797 431 2856 idem
445 2797 519 2857 illud
532 2797 581 2855 alii
595 2797 784 2857 desiderent?
819 2808 821 2812 ’

98 2907 163 2956 XVI
302 2908 305 2918 ’
483 2891 615 2953 Omnino
634 2894 695 2951 duo
710 2904 779 2951 sunt
792 2912 900 2969 genera
912 2895 1067 2971 largorum,
1088 2915 1212 2971 quorum

201 3006 236 3057 tn)
259 3005 386 3067 otmense
423 2990 505 3050 alteri
518 2988 641 3067 prodigi,
664 2988 746 3047 alteri
761 2989 913 3048 liberales:
935 2989 1058 3067 prodigi,
1078 2991 1128 3068 qui
1142 3012 1212 3069 epu-

173 3058 261 3149 {i‘icii
282 3057 383 3098 Bm*
421 3086 456 3146 lis
471 3099 500 3146 et
513 3085 753 3147 viscerationibus
774 3098 803 3145 et
817 3086 1014 3162 gladiatorum
1033 3087 1210 3161 muneribus,
1226 3165 1229 3171 .

185 3193 222 3222 ΕΗ·
238 3193 366 3222 xvr-xvm.
421 3182 559 3241 ludomm
572 3181 822 3256 venationumque
837 3191 976 3256 apparatu
994 3182 1134 3256 pecunias
1147 3203 1211 3260 pro·
1229 3211 1261 3257 30

173 3247 219 3344 iti1
221 3247 384 3336 ⁰i'ndL'i'r‘dciiJ
422 3280 550 3338 fundunt
566 3279 597 3337 in
615 3299 664 3338 eas
681 3299 735 3352 res,
752 3298 876 3355 quarum
895 3278 1067 3338 memoriam
1088 3292 1137 3340 aut
1151 3283 1213 3342 bre·

173 3345 257 3396 gality
270 3346 336 3387 differ.
758 3375 764 3388 .
842 3375 848 3387 .
948 3375 954 3387 .
1022 3376 1028 3388 .
1157 3380 1162 3392 .

173 3412 384 3463 mmmmm
421 3395 489 3434 vem
498 3389 548 3437 aut
563 3377 672 3435 nullam
685 3396 807 3436 ommno
825 3387 883 3435 sint
904 3378 1030 3437 relicturi
1039 3399 1048 3451 ς
1074 3382 1120 3454 56.
1144 3381 1214 3441 hbe-

421 3475 495 3533 rales
522 3485 630 3546 autem,
659 3473 709 3548 qui
736 3474 796 3533 suis
823 3474 1009 3534 facultatibus
1037 3486 1087 3536 aut
1111 3489 1213 3555 captos

173 3571 402 3650 apraedonibus
421 3570 571 3630 redimunt
590 3581 640 3630 aut
658 3590 708 3630 aes
727 3571 856 3631 alienum
875 3571 1037 3649 suscipiunt
1051 3573 1213 3635 amicorum

173 3667 269 3727 autin
287 3668 411 3726 filiarum
429 3665 625 3726 collocatione
642 3666 782 3726 adiuvant
800 3679 851 3726 aut
869 3667 1050 3743 opitulantur
1069 3672 1116 3746 vel
1129 3671 1160 3730 in
1183 3690 1214 3729 re
1232 3694 1261 3742 35

172 3773 286 3864 mppnveipps
294 3781 386 3864 111εᾶιὲῗὲ
423 3761 591 3836 quaerenda
617 3762 663 3820 vel
691 3763 832 3837 augenda
885 3765 990 3838 Itaque
1019 3763 1108 3823 miror
1141 3763 1214 3839 quid

173 3874 243 3924 punto
265 3874 333 3914 shows
349 3885 385 3914 are
422 3879 453 3918 m
481 3871 612 3920 mentem
635 3861 747 3920 venerit
774 3863 979 3938 Theophrasto
1007 3862 1037 3920 in
1065 3883 1101 3922 eo
1129 3863 1212 3936 libr0,
