2670 4296
145 228 201 288 108
404 228 454 287 De
470 229 636 287 contentione
654 226 821 286 frarann
845 226 931 286 ll'tilr‘s
989 224 1053 306 [ΙΙΙ
1068 243 1126 284 vrrr
1140 242 1178 303 35

143 392 223 453 tiam.
265 395 356 453 Hanc
369 391 456 469 igitur
474 402 589 469 partem
607 391 738 450 relictam
757 391 939 468 explebimus
955 390 1042 450 nullis
1061 391 1186 451 admini-

142 488 225 560 culis,
247 489 310 560 sed‚
331 498 365 548 ut
385 487 501 561 dieitur,
525 489 622 546 Marte
643 498 752 548 nostro.
795 489 903 564 Neque
923 486 1003 547 enim
1024 487 1184 565 quicquam

142 595 188 644 est
211 585 249 644 de
272 585 435 660 hacparte
456 595 524 661 post
551 583 726 644 Panaetium
748 583 934 660 explicatum,
957 585 1040 659 quod
1061 583 1185 661 quidem

143 679 215 740 mihi
229 681 407 758 probaretur,
423 679 462 740 de
475 679 510 738 iis
525 698 600 756 quae
614 679 646 739 in
660 698 765 738 manus
779 699 860 740 meas
874 679 1014 739 venerint.

62 777 131 828 VIII
179 807 246 848 pm,
260 807 305 849 un
453 793 500 852 35.
525 769 603 836 Cum
621 775 708 852 igitur
728 775 827 852 aliqua
850 776 963 852 speeies
981 775 1113 836 utilitatis
1135 776 1185 837 oh
1215 799 1239 848 5,

114 857 359 959 .J,{¹,³,¹,¹,}⁵²¹¹022²„¹,¹,{
392 869 470 932 iecra
483 882 536 945 est,
552 871 732 932 commoveri
751 891 872 932 necesse
890 882 943 932 est
986 873 1045 931 Sed
1067 871 1099 944 si,
1115 891 1184 930 cum

144 957 356 1058 {feffiffildffl‘g
393 967 525 1027 animum
540 967 707 1041 attenderis,
723 967 936 1044 turpitudinem
949 967 1050 1027 videas
1064 966 1185 1026 adiunc-

144 1072 210 1148 JJJJ,
231 1059 354 1152 ighglssssg
392 1077 454 1126 tam
468 1065 496 1127 ei
508 1066 559 1138 rei,
575 1085 652 1143 quae
666 1065 796 1141 speciem
810 1065 942 1125 utilitatis
962 1064 1099 1138 attulerit,
1120 1075 1184 1125 tum

143 1158 290 1210 ⁰¹P0d¹⁶¹¹²
392 1180 454 1220 non
467 1160 576 1221 utilitas
590 1160 784 1236 relinquenda
802 1171 854 1233 est,
870 1161 924 1219 sed
943 1160 1184 1237 intellegendum,

142 1254 194 1315 ubi
214 1255 365 1332 turpitudo
387 1257 433 1330 sit,
448 1256 489 1317 ibi
508 1257 664 1317 utilitatem
681 1275 745 1316 esse
763 1275 824 1315 non
842 1275 937 1333 posse.
973 1255 1097 1332 Quodsi
1111 1255 1184 1315 nihil
1200 1283 1229 1318 10

142 1364 187 1413 est
207 1364 268 1413 tam
289 1367 391 1416 contra
411 1367 544 1415 naturam
565 1375 655 1432 quam
676 1355 947 1432 turpitudo-recta
966 1355 1046 1415 enim
1066 1367 1096 1416 et
1116 1374 1185 1416 con·

143 1449 292 1512 venientia
312 1464 342 1512 et
365 1453 532 1513 constantia
554 1465 658 1512 natura
685 1452 832 1512 desiderat
860 1463 1089 1529 aspernaturque
1116 1471 1185 1512 con·

143 1546 401 1625 traria-nihilque
422 1560 483 1609 tam
505 1551 670 1610 secundum
692 1560 826 1608 naturam
849 1568 939 1624 quam
966 1548 1083 1621 utilitas,
1105 1558 1184 1610 certe

143 1640 174 1701 in
193 1644 299 1702 eadem
323 1665 354 1704 re
378 1644 487 1704 utilitas
506 1656 535 1705 et
554 1645 705 1722 turpitudo
726 1659 868 1705 essenon
888 1655 992 1721 potest
1036 1647 1183 1721 Itemque,

143 1738 169 1799 si
190 1741 230 1799 ad
251 1742 435 1802 honestatem
459 1742 521 1801 nati
545 1762 644 1802 sumus
668 1761 762 1819 eaque
784 1753 835 1802 aut
859 1745 922 1802 sola
942 1743 1109 1818 expetenda
1129 1752 1182 1816 est,
1200 1765 1227 1814 ¹⁵

144 1846 177 1895 ut
190 1837 303 1896 Zenoni
315 1837 412 1897 visum
426 1848 479 1910 est,
494 1850 545 1897 aut
563 1850 642 1899 certe
663 1838 745 1899 omni
765 1840 898 1915 pondere
916 1838 1030 1916 gravior
1045 1839 1183 1898 habenda

144 1952 234 2009 quam
254 1933 366 2010 reliqua
383 1934 491 2007 omnia,
507 1936 590 2011 quod
608 1934 758 1994 Aristoteli
774 1936 880 2010 placet,
896 1954 1016 1994 necesse
1033 1945 1085 2007 est,
1101 1935 1183 2011 quod

143 2030 301 2090 honestum
321 2030 365 2103 sit,
385 2030 417 2091 id
439 2051 503 2092 esse
524 2043 573 2090 aut
595 2033 691 2093 solum
712 2042 763 2091 aut
783 2050 931 2090 summum
952 2032 1079 2091 bonum:
1100 2032 1183 2107 quod

143 2137 242 2186 autem
261 2128 381 2200 bonum,
398 2127 430 2187 id
450 2129 529 2188 certe
548 2127 627 2201 utile,
646 2127 694 2201 ita,
705 2127 852 2204 quidquid
869 2129 1036 2200 honestum,
1052 2128 1083 2186 id
1100 2127 1180 2187 utile.

195 2288 200 2298 ,
239 2287 244 2298 ,
393 2225 440 2298 36.
464 2224 532 2299 Qua
545 2244 576 2284 re
591 2243 669 2284 error
682 2222 838 2282 hominum
855 2242 917 2282 non
930 2223 1098 2299 proborum,
1112 2240 1182 2280 cum
1196 2249 1227 2284 ro

141 2287 360 2398 raldiii'lic‘llifii',
393 2319 513 2395 aliquid,
532 2321 615 2396 quod
635 2319 707 2380 utile
726 2319 822 2379 visum
843 2330 895 2392 est,
914 2320 1042 2397 arripuit,
1062 2320 1094 2380 id
1114 2339 1183 2390 con-

141 2398 259 2430 antum*
392 2419 474 2479 tinuo
503 2418 627 2478 secernit
655 2421 692 2478 ab
720 2420 854 2478 honesto
898 2419 980 2477 Hine
1004 2417 1089 2492 sicae,
1112 2417 1183 2478 hinc

141 2532 264 2587 venena,
279 2515 349 2573 hinc
368 2516 440 2574 salsa
456 2526 632 2574 testamenta
653 2527 821 2588 nascuntur,
837 2515 907 2573 hinc
921 2518 997 2575 surta
1020 2518 1181 2592 peculatus,

142 2609 332 2685 expilationes
360 2610 597 2688 direptionesque
624 2611 771 2670 sociorum
796 2623 826 2671 et
854 2611 970 2684 civium,
994 2613 1063 2670 hinc
1091 2630 1182 2688 opum

142 2704 306 2778 nimiarum,
327 2707 478 2783 potentiae
498 2727 559 2766 non
579 2708 725 2780 ferendae,
748 2719 898 2783 postremo
919 2708 1009 2768 etiam
1029 2707 1060 2766 in
1084 2707 1182 2768 liberis
1194 2732 1226 2781 ²5

141 2802 306 2862 civitatibus
333 2803 476 2879 regnandi
508 2803 636 2864 existunt
663 2803 848 2880 cupiditates,
878 2802 985 2881 quibus
1019 2802 1093 2862 nihil
1125 2823 1182 2864 nec

140 2897 260 2959 taetrius
287 2918 343 2958 nee
371 2899 485 2960 foedius
514 2899 674 2976 excogitari
702 2911 807 2977 potest.
865 2903 1075 2960 Emolumenta
1102 2899 1182 2959 enim

140 3015 237 3058 rerum
263 2996 415 3056 fallacibus
443 2995 559 3056 iudiciis
586 2996 698 3069 vident,
727 3016 856 3073 poenam
894 3017 955 3056 non
983 2997 1051 3056 dico
1073 2998 1180 3074 legum,

140 3112 340 3171 quamsaepe
363 3107 566 3171 perrumpunt,
589 3096 643 3154 sed
667 3095 757 3172 ipsius
781 3095 978 3172 turpitudinis,
1005 3115 1081 3170 quae
1105 3114 1182 3155 acer-

139 3191 260 3252 bissima
273 3204 325 3265 est,
341 3212 402 3251 non
423 3191 531 3252 vident
576 3208 621 3267 37.
646 3193 746 3268 Quam
767 3193 883 3253 obrem
902 3193 960 3251 hoc
974 3192 1096 3267 quidem
1110 3190 1181 3252 deli·
1193 3207 1226 3254 30

139 3288 305 3349 berantium
318 3308 411 3366 genus
427 3290 552 3365 pellatur
570 3309 587 3348 e
602 3288 786 3348 medio-est
801 3289 881 3348 enim
895 3300 991 3349 totum
1006 3290 1180 3348 sceleratum

389 3394 419 3444 et
432 3383 604 3461 impium—,
616 3383 668 3459 qui
679 3385 841 3444 deliberant
860 3396 957 3444 utrum
969 3383 1001 3443 id
1011 3395 1179 3461 sequantur,

163 3454 233 3495 When
244 3467 271 3496 an
283 3455 351 3496 action
793 3481 799 3492 ·
1088 3479 1093 3491 ·

138 3505 348 3566 rseennnrywrong‚
390 3482 471 3556 quod
496 3481 654 3540 honestum
681 3500 745 3541 esse
771 3483 899 3555 vrdeant,
929 3501 967 3540 an
995 3500 1026 3540 se
1054 3491 1179 3541 serentes

139 3556 155 3595 it
165 3556 183 3596 is
193 3556 285 3597 crimmal
296 3569 349 3597 even
642 3578 648 3590 ·
758 3578 764 3590 ·
810 3578 816 3590 .
932 3578 938 3590 .
1058 3578 1064 3589 .
1106 3577 1117 3605 ,-

139 3606 351 3648 todeliberatewhe·
391 3580 499 3638 scelere
520 3590 736 3653 contaminent3
756 3598 788 3637 rn
808 3599 872 3656 rpsa
892 3598 972 3639 emm
993 3580 1179 3639 dubrtatrone

188 3763 218 3814 ²9
235 3765 309 3814 quam
323 3751 365 3799 Ba
380 3750 462 3799 Heim
471 3751 512 3799 Lu
527 3751 558 3800 St
566 3766 620 3799 cum
637 3750 714 3808 codd„
731 3765 792 3814 quas
812 3750 864 3800 Or:
879 3751 949 3808 male,
968 3753 1038 3800 ‘cunr
1054 3750 1113 3814 leges
1122 3757 1179 3815 per-

138 3838 297 3894 rumpuntnr,
306 3832 478 3895 permmpr'tnr
487 3832 563 3880 etaiam
569 3839 649 3896 poena
659 3832 750 3895 legibus
761 3831 903 3880 constituta’
915 3833 943 3882 Z.
957 3832 1056 3896 Confert
1062 3833 1180 3882 Bailmts

141 3912 209 3961 Orat.
218 3912 289 3960 Part.
298 3914 310 3973 ς
321 3927 364 3961 rra
372 3927 529 3977 perrumpere
540 3912 675 3978 periculum
681 3931 689 3975 ς
703 3913 769 3962 Verr.
780 3923 789 3961 1
799 3913 812 3972 ἓ
823 3927 850 3976 13
860 3913 1015 3978 quaestiones
1022 3928 1179 3978 perrumpere
