2716 4290
212 206 253 280 64
662 207 712 266 De
730 206 799 266 utili
1102 203 1202 289 [11111
1218 227 1256 269 ro

209 373 332 452 quidem
344 375 399 436 tibi
412 374 501 452 cupio
514 393 580 435 esse
592 373 785 435 notissimam
829 375 901 433 Hoc
914 384 1022 445 autem,
1034 374 1074 434 de
1094 393 1157 450 quo
1175 393 1258 434 nnnc

208 471 329 549 agimus,
337 472 369 532 id
381 471 480 548 ipsum
492 471 631 547 estquod
643 470 731 530 utile
744 471 915 547 appellatur.
952 472 991 529 In
1000 489 1062 546 quo
1070 471 1162 532 verbo
1174 472 1258 548 lapsa

208 568 396 628 consuetudo
414 566 534 628 deflerit
549 568 588 627 de
601 566 650 626 via
663 566 832 643 sensimque
845 585 883 627 eo
896 566 1026 626 deducta
1038 577 1092 640 est,
1106 578 1140 626 ut
1152 568 1259 629 hones·

208 672 303 724 tatem
316 663 354 723 ab
367 663 493 723 utilitate
509 682 664 723 secernens
680 662 872 723 constitueret
884 681 950 722 esse
962 663 1122 723 honestum
1134 663 1256 740 aliquid,

210 760 295 836 quod
312 759 384 820 utile
402 778 464 818 non
483 769 562 819 esset
587 770 618 819 et
637 758 717 831 utile,
732 759 816 834 quod
832 777 896 818 non
908 759 1067 819 honestum
1075 779 1086 833 ;
1104 777 1164 836 qua
1176 760 1258 820 nulla
1284 775 1300 830 5

210 855 355 933 pernicies
381 855 475 915 maior
501 853 657 914 hominum
683 854 761 914 vitae
787 854 884 931 potuit
910 853 1012 914 afferri
1061 873 1105 914 ro.
1135 857 1258 916 Summa

210 950 333 1028 quidem
353 951 525 1012 auctoritate
546 949 715 1028 philosophi
733 969 834 1010 severe
852 969 924 1010 sane
939 962 1029 1027 atque
1044 951 1169 1012 honeste
1182 952 1257 1012 haec

210 1046 265 1107 tria
287 1067 395 1126 genera
417 1050 541 1107 confusa
563 1046 742 1124 cogitatione
765 1046 956 1124 distinguunt.
997 1046 1153 1124 Quidquid
1175 1047 1256 1108 enim

459 1143 569 1203 iustum
584 1143 630 1217 sit,
645 1142 677 1204 id
697 1142 787 1203 etiam
806 1143 878 1204 utile
896 1162 961 1203 esse
978 1154 1110 1217 censent,
1123 1142 1256 1221 itemque

209 1214 421 1319 wiffam:
459 1240 542 1316 quod
560 1240 729 1312 honestum,
744 1239 825 1298 idem
845 1238 974 1298 iustum:
996 1257 1035 1298 ex
1052 1257 1113 1315 quo
1132 1238 1256 1299 efficitur
1269 1260 1300 1297 ro

208 1320 421 1420 ffl‘ffflffi
457 1347 499 1408 ut,
510 1334 657 1413 quidquid
670 1336 829 1396 honestum
843 1334 889 1408 sit,
904 1334 984 1394 idem
998 1334 1036 1394 sit
1048 1335 1128 1395 utile
1162 1337 1256 1412 Quod

208 1420 421 1522 ww?
458 1432 510 1509 qui
529 1452 634 1510 parum
654 1432 843 1509 perspiciunt,
859 1431 881 1492 ii
901 1451 990 1509 saepe
1009 1444 1142 1493 versutos
1161 1433 1256 1494 homi·

207 1582 224 1611 u
258 1520 421 1622 wolff&
458 1548 511 1588 nes
531 1540 562 1588 et
579 1528 703 1588 callidos
721 1529 900 1589 admirantes
918 1528 1061 1588 malitiam
1080 1529 1254 1607 sapientiam

220 1670 227 1681 .
266 1622 422 1713 wlff,
458 1624 598 1686 iudicant.
641 1627 777 1701 Quorum
796 1646 876 1687 error
893 1626 1062 1704 eripiendus
1079 1639 1125 1687 est
1142 1626 1255 1704 opinio

275 1772 280 1781 .
306 1721 343 1762 ‘¹³⁰
355 1735 421 1814 ff
458 1742 518 1800 que
532 1724 628 1784 omnis
641 1726 682 1784 ad
694 1744 761 1784 eam
775 1744 858 1801 spem
871 1726 1062 1798 traducenda,
1076 1735 1110 1784 ut
1121 1723 1254 1785 honestis
1267 1741 1297 1791 15

276 1822 422 1866 unaecun-
459 1818 589 1878 consiliis
612 1819 754 1896 iustisque
775 1820 868 1894 sactis,
889 1840 951 1880 non
970 1821 1074 1880 fraude
1093 1831 1124 1881 et
1142 1819 1255 1880 malitia

459 1934 492 1976 se
504 1914 675 1993 intellegant
687 1935 813 1993 eaquae
826 1917 922 1989 velint,
930 1916 1072 1993 consequi
1085 1936 1181 1994 posse.

208 2025 422 2119 airam
521 2031 567 2071 11.
610 2012 696 2086 Quae
718 2032 788 2090 ergo
811 2015 852 2073 ad
874 2013 966 2072 vitam
992 2012 1147 2073 hominum
1170 2023 1253 2074 tuen-

208 2090 422 2227 mnan&
459 2109 528 2169 dam
548 2109 705 2186 pertinent,
718 2110 825 2187 partim
845 2121 914 2171 sunt
933 2110 1072 2184 inanima,
1086 2122 1120 2171 ut
1139 2129 1251 2184 aurum,

216 2226 313 2269 uuam
351 2228 420 2288 aare.
458 2218 619 2284 argentum,
633 2219 668 2267 ut
686 2227 815 2284 eaquae
834 2208 993 2286 gignuntur
1012 2227 1030 2268 e
1049 2219 1134 2282 terra,
1148 2219 1182 2267 ut
1194 2206 1296 2268 aliato

205 2286 425 2419 ffivatffliffi
457 2302 572 2380 generis
591 2303 734 2378 eiusdem,
755 2304 862 2382 partim
882 2304 1029 2378 animalia,
1045 2323 1121 2380 quae
1141 2304 1252 2365 habent

206 2427 243 2469 a„
259 2379 418 2470 m'ffi
456 2417 525 2459 suos
546 2398 674 2477 impetus
697 2412 727 2461 et
750 2420 847 2461 rerum
870 2401 1025 2478 appetitus
1068 2403 1179 2462 Eorum
1202 2422 1253 2462 au·

207 2477 422 2570 ffiwssf
456 2507 518 2556 tem
546 2497 604 2556 alia
632 2497 753 2558 rationis
784 2498 915 2575 expertia
946 2509 1024 2572 sunt,
1051 2499 1109 2559 alia
1136 2498 1250 2561 ratione

207 2578 421 2670 mmm
456 2591 575 2652 utentia
619 2595 762 2670 Expertes
779 2593 900 2654 rationis
912 2593 991 2670 equi,
1004 2595 1106 2667 boves,
1119 2594 1250 2672 reliquae

206 2678 419 2770 wida&
455 2691 595 2767 pecudes,
613 2688 711 2772 [apes]
742 2709 866 2767 quarum
886 2710 975 2767 opere
994 2691 1118 2752 efficitur
1137 2692 1249 2770 aliquid
1262 2705 1293 2755 ²⁵

206 2778 369 2822 ”mm
455 2785 594 2845 adusum
607 2784 763 2843 hominum
776 2796 865 2861 atque
874 2784 973 2845 vitam
1009 2785 1139 2847 Ratione
1148 2800 1249 2848 autem

454 2879 601 2940 utentium
627 2880 689 2938 duo
714 2898 823 2957 genera
848 2891 972 2956 ponunt,
995 2882 1120 2941 deorum
1145 2901 1248 2955 unum,

205 2977 330 3039 alterurn
349 2976 512 3039 hominum
559 2978 643 3036 Deos
662 2977 794 3053 placatos
813 2976 909 3053 pietas
925 2978 1033 3039 efficiet
1049 2990 1081 3039 et
1093 2979 1246 3040 sanctitas:

204 3074 338 3152 proxime
355 3084 455 3134 autem
471 3083 501 3134 et
514 3073 680 3133 secundum
693 3072 766 3132 deos
779 3073 916 3134 homines
928 3074 1098 3135 hominibus
1111 3095 1248 3138 maxume

204 3170 291 3231 utiles
317 3189 383 3232 esse
408 3179 540 3246 possunt
585 3187 630 3228 12.
672 3170 842 3246 Earumque
869 3170 940 3230 item
966 3190 1172 3248 rerumquae
1195 3188 1292 3237 noto

203 3278 291 3329 ceant
310 3277 342 3327 et
360 3265 468 3337 obsint,
483 3265 590 3325 eadem
608 3263 714 3324 divisio
727 3275 781 3325 est
822 3266 882 3326 Sed
895 3265 965 3342 quia
978 3268 1051 3327 deos
1064 3286 1171 3329 nocere
1185 3288 1246 3330 non

227 3385 283 3428 nr„
295 3382 416 3446 nensis.
451 3370 565 3438 putant,
586 3359 623 3420 iis
642 3360 772 3437 exceptis
792 3361 929 3423 homines
951 3362 1121 3424 hominibus
1140 3367 1246 3429 obesse

202 3434 416 3540 mm
451 3456 612 3536 plurimum
644 3456 826 3517 arbitrantur.
877 3459 923 3517 Fa
953 3458 1035 3520 enim
1067 3459 1141 3538 ipsa,
1168 3481 1246 3540 quae

251 3629 267 3666 n
283 3613 360 3666 verbo
375 3611 474 3663 reclusi?
490 3613 532 3662 Ba
549 3626 606 3661 cum
624 3613 693 3674 alio,
710 3613 820 3678 defendit
836 3616 873 3665 Or
922 3621 933 3675 Ι
984 3618 1001 3668 8
1015 3634 1106 3684 genere
1121 3637 1179 3680 eum
1195 3638 1248 3673 m

202 3697 252 3748 cod.
269 3697 348 3746 Bm.
370 3709 392 3744 c.
407 3694 449 3743 Ba
465 3693 511 3744 Bc·
542 3694 607 3743 Mox
626 3693 748 3758 quidquid
767 3695 933 3745 enim-idem
950 3697 982 3747 sit
999 3700 1060 3750 utile
1077 3702 1249 3766 interpolatori

202 3775 285 3828 deleri
299 3779 397 3825 renunt
413 3773 511 3823 Gruber
524 3773 608 3823 Heius
641 3776 652 3829 l
687 3787 719 3834 25
735 3789 796 3838 apes
810 3775 862 3823 rom
876 3776 1011 3827 Fuca‘olaa
1023 3787 1159 3844 :respectum
1171 3782 1246 3831 seclu-

201 3862 288 3908 serunt
296 3853 481 3907 Balicinclu
515 3857 527 3914 Ι
561 3854 689 3920 operaBa
699 3854 789 3912 litim,
800 3870 874 3921 opere
884 3857 922 3907 Be
931 3858 974 3907 Lu
984 3859 1024 3907 Zu
1034 3860 1107 3925 vulgo
