2670 4296
108 184 141 245 ΙΙ
156 202 179 244 x
193 181 243 266 37]
556 190 606 248 De
618 190 712 266 gloria
1113 212 1150 274 73

108 353 240 494 ξζξῗθῑζξζ»
267 355 319 445 ζξξζ
356 377 462 434 meque
490 358 555 436 ipso
582 379 670 436 saepe
697 359 879 438 disputatum
906 362 951 438 sit,
980 363 1031 441 qui
1059 384 1150 426 unam

108 455 319 545 ζξξεῑξῃοζξὲξνῧ
357 455 477 516 haberet
501 476 604 516 omnes
625 458 732 518 habere
751 458 878 533 virtutes,
895 480 974 520 nunc
994 460 1035 521 ita
1055 461 1151 523 seiun-

107 555 163 645 ἓξὲξ
164 554 220 645 1an
222 554 320 644 dffipuh‘
356 572 432 631 gam,
448 553 532 629 quasi
551 553 643 629 possit
662 554 827 630 quisquam,
843 555 895 632 qui
913 575 974 616 non
990 556 1071 617 idem
1084 578 1151 634 pru-

257 607 287 655 ul·
470 648 475 659 .
522 647 528 660 .
760 649 766 661 .
876 650 882 662 .

357 651 430 708 dens
452 660 498 721 sit,
520 660 613 707 iustus
635 668 707 722 esse,
729 652 787 709 aha
808 662 853 711 est
873 653 931 724 illa,
954 671 1023 710 cum
1045 652 1148 728 veritas¹

72 787 73 791 ,
107 743 171 822 ipsa
188 745 304 805 limatur
322 745 352 803 in
370 745 576 822 disputatione,
592 745 745 818 subtilitas,
760 746 825 820 alia,
841 767 910 807 cum
924 749 964 807 ad
978 747 1149 826 opinionem
1176 774 1191 825 ⁵

107 860 297 901 communem
318 841 415 901 omnis
435 842 676 901 accommodatur
699 841 800 901 oratio.
844 843 942 917 Quam
964 845 1094 918 obrem,
1115 857 1150 907 ut
1186 911 1190 917 ,

106 940 217 1015 volgus,
237 938 278 997 ita
298 958 353 998 nos
374 939 431 998 hoc
452 940 519 997 loco
539 937 694 1015 loquimur,
717 949 750 998 ut
770 939 843 999 alios
864 941 961 1014 sortes,
977 940 1049 1001 alios
1070 942 1147 1003 viros
1206 928 1208 932 ⁸

106 1036 211 1109 bonos,
231 1034 303 1096 alios
324 1035 475 1112 prudentis
497 1055 561 1095 esse
585 1035 731 1095 dicamus.
772 1037 966 1113 Popularibus
989 1038 1068 1098 enim
1089 1060 1149 1101 ver-

107 1133 152 1192 bis
172 1143 217 1193 est
237 1135 385 1210 agendum
407 1144 435 1193 et
454 1132 575 1205 usitatis,
591 1153 661 1191 cum
679 1132 828 1209 loquimur
841 1135 880 1193 de
897 1134 1039 1211 opinione
1056 1155 1149 1214 popu·

106 1232 165 1315 lari,
182 1232 273 1309 idque
288 1233 395 1292 eodem
416 1233 508 1290 modo
529 1229 598 1290 fecit
619 1230 784 1290 Panaetius.
827 1232 887 1290 Sed
906 1233 945 1292 ad
962 1232 1147 1309 propositum
1161 1255 1192 1291 10

105 1341 290 1389 revertamur.
451 1330 454 1335 “

131 1473 261 1514 wain
284 1471 320 1513 ad·
411 1428 458 1502 36.
488 1427 558 1485 Erat
572 1424 659 1503 igitur
672 1445 708 1486 ex
721 1424 756 1486 iis
771 1425 870 1500 tribus,
883 1446 958 1504 quae
972 1430 1011 1488 ad
1024 1427 1147 1506 gloriam

107 1524 319 1614 {qipdssei'ggsffltqg
353 1523 541 1598 pertinerent,
556 1523 614 1582 hoc
633 1522 759 1594 tertium,
775 1533 808 1582 ut
826 1542 895 1582 cum
913 1524 1146 1587 admiratione

108 1633 154 1665 true
164 1623 243 1673 Glorxt
356 1617 511 1678 hominum
525 1618 638 1677 honore
652 1617 690 1676 ab
704 1616 738 1676 iis
753 1617 834 1694 digni
848 1617 1050 1680 iudicaremur.
1086 1622 1147 1680 Ad-

103 1716 245 1776 mirantur
269 1715 355 1794 igitur
378 1712 574 1773 communiter
598 1711 640 1771 illi
660 1713 783 1789 quidem
807 1713 915 1787 omnia,
938 1734 1015 1791 quae
1039 1735 1188 1793 magna15

103 1823 134 1872 et
152 1823 267 1890 praeter
288 1811 459 1888 opinionem
479 1828 562 1867 suam
580 1808 859 1882 animadverterunt,
875 1810 1032 1886 separatim
1045 1823 1144 1872 autem

103 1908 134 1967 in
155 1907 282 1985 singulis,
298 1908 322 1965 si
341 1905 521 1982 perspiciunt
540 1923 596 1963 nec
613 1904 733 1981 opinata
747 1906 894 1980 quaedam
908 1906 994 1966 bona
1038 1909 1145 1984 Itaque

28 2081 30 2085 Ι
103 2024 154 2065 eos
174 2004 251 2063 viros
272 2002 435 2079 suspiciunt
456 1999 660 2076 maxumisque
681 2003 813 2060 ecferunt
833 2001 977 2075 laudibuS,
992 2001 1144 2080 inquibus

103 2132 117 2173 b
157 2132 315 2182 emmim„
349 2097 529 2158 'existumant
548 2116 579 2156 se
596 2096 765 2157 excellentis
782 2099 926 2173 quasdam
944 2111 975 2158 et
992 2099 1143 2176 singularis

123 2183 183 2234 Μ’
353 2194 516 2273 perspicere
530 2193 659 2266 virtutes
675 2193 840 2269 despiciunt
854 2205 953 2255 autem
967 2214 1018 2255 eos
1032 2208 1063 2257 et
1075 2216 1144 2256 con·
1156 2227 1187 2261 20

102 2306 247 2367 temnunt,
268 2294 299 2353 in
321 2293 427 2369 quibus
448 2291 521 2350 nihil
541 2290 662 2364 virtutis,
683 2291 755 2349 nihil
776 2291 874 2364 animi,
895 2292 966 2351 nihil
989 2313 1143 2353 nervorum

101 2402 214 2468 putant.
258 2393 328 2449 Νο11
353 2388 433 2447 enim
455 2406 558 2447 omnes
580 2406 639 2446 eos.
656 2398 851 2446 contemnunt
875 2388 913 2447 de
935 2388 1042 2463 quibus
1066 2391 1143 2450 male

101 2486 280 2547 existimant.
322 2487 401 2543 Nam
422 2503 497 2559 quos
518 2482 667 2559 improbos
689 2483 850 2542 maledicos
871 2485 1071 2544 fraudulentos
1091 2505 1144 2562 pu·

100 2594 164 2643 tant
190 2594 220 2644 et
247 2583 287 2641 ad
314 2579 479 2639 faciendam
507 2578 642 2637 iniuriam
674 2579 839 2652 instructos,
869 2598 920 2639 eos
947 2591 1142 2641 contemnunt

63 2715 67 2724 ·
100 2679 222 2757 quidem
250 2677 422 2752 neutiquam
450 2676 503 2734 sed
527 2676 565 2734 de
592 2674 626 2732 iis
659 2677 735 2734 male
759 2674 931 2734 existimant
976 2676 1074 2750 Quam
1102 2678 1183 2756 0b25

99 2795 171 2848 rem,
190 2785 223 2834 ut
244 2784 312 2832 ante
334 2772 402 2844 dixi,
423 2780 653 2830 contemnuntur
673 2770 700 2843 ii,
715 2770 765 2846 qui
788 2775 860 2830 ‘nec
881 2770 937 2830 sibi
957 2791 1013 2831 nec
1033 2772 1115 2832 alteri
1124 2775 1140 2847 ',

98 2883 132 2932 ut
154 2871 268 2942 dicitur,
290 2867 449 2944 inquibus
474 2869 570 2925 nullus
592 2867 682 2938 labor,
705 2869 785 2925 nulla
805 2867 955 2940 industria,
971 2871 1052 2928 nulla
1071 2889 1141 2929 cura

98 2979 151 3030 est.
194 2985 244 3044 37,
264 2965 467 3026 Admiratione
489 2974 588 3021 autem
609 2962 773 3021 afficiuntur
793 2962 821 3034 ii,
835 2963 886 3038 qui
906 2963 1015 3023 anteire
1037 2965 1140 3026 ceteris

97 3089 128 3141 1,,
170 3089 309 3130 pararem,
346 3063 453 3122 virtute
474 3072 613 3137 putantur
632 3072 662 3120 et
682 3081 751 3119 cnm
773 3062 854 3120 omni
872 3081 969 3122 carere
984 3065 1139 3140 dedecore,

97 3141 244 3241 fflm‘e
265 3141 308 3181 ”d
346 3172 410 3219 tum
428 3179 497 3218 vero
517 3157 551 3216 iis
566 3157 642 3216 vitiis
657 3158 763 3233 quibus
780 3158 829 3216 alii
843 3178 903 3217 non
918 3158 1002 3220 facile
1016 3173 1139 3236 possunt
1152 3184 1183 3234 30

97 3258 246 3319 obsistere.
290 3259 369 3315 Nam
389 3267 417 3315 et
431 3257 604 3330 voluptates
620 3253 838 3313 blandissumae
859 3254 1006 3328 dominae,
1022 3257 1139 3318 maioris

97 3353 186 3432 partis
210 3352 325 3413 animos
348 3372 365 3410 a
385 3351 490 3410 virtute
516 3352 692 3426 detorquent
720 3360 757 3422 et,
780 3349 917 3409 dolorum
945 3370 1014 3409 cum
1038 3355 1139 3412 admo*

96 3464 200 3513 ventur
221 3454 308 3523 laces,
326 3461 439 3526 praeter
460 3449 582 3507 modum
603 3447 735 3524 plerique
753 3458 950 3509 exterrentur:
972 3448 1032 3508 vita
1050 3469 1137 3523 mors,

96 3547 215 3609 divitiae
235 3559 390 3623 paupertas
411 3565 513 3604 omnes
534 3543 668 3603 homines
683 3543 939 3604 vehementissime
956 3555 1135 3621 permovent.

96 3645 180 3720 Quae
195 3641 247 3719 qui
265 3642 296 3700 in
317 3653 469 3716 utramque
488 3651 601 3716 partem
619 3641 734 3699 excelso
748 3639 848 3699 animo
862 3660 1028 3718 magnoque
1042 3641 1137 3719 despi-
1149 3667 1178 3717 35

144 3775 176 3824 23
194 3761 329 3811 maledicos
349 3761 421 3819 codd,
441 3759 565 3808 maleficos
589 3760 740 3822 l‘Vyttenback
760 3761 796 3808 Be
814 3761 892 3808 Heine
926 3765 935 3818 ΙΙ
972 3761 1002 3810 18
1019 3761 1137 3814 adficiunt

96 3845 136 3894 aa
156 3844 238 3893 Heine
252 3848 308 3907 post
328 3842 477 3890 Lanibinum
544 3843 555 3898 ΙΙ
623 3856 651 3904 3¹
673 3843 778 3892 maiores
799 3849 881 3907 partes
902 3841 981 3892 animi
999 3844 1088 3908 vulgo,
1105 3845 1147 3893 sed
