2670 4296
222 216 278 275 118
472 215 527 275 De'
538 217 707 277 contentione
724 219 852 278 Honesti
867 227 896 278 et
920 221 1008 280 Utr’lt's
1086 218 1262 302 [111xv64

219 392 316 442 tumm
336 381 506 458 compendii
526 383 571 442 sui
592 403 689 457 causa,
705 386 787 461 quod
808 404 870 444 non
884 385 978 446 liceat.
1023 385 1104 446 Huic
1125 405 1181 447 nec
1201 387 1263 448 laus

178 559 180 562 Α
219 497 326 556 magna
339 478 495 539 tribuenda
509 499 565 541 nec
579 481 670 558 gratia
684 493 737 542 est.
781 484 828 555 64.
871 483 932 542 Sed
950 481 1012 542 sive
1030 493 1060 542 et
1073 481 1220 543 simulatio
1233 493 1263 544 et

220 577 413 638 dissimulatio
428 578 515 637 dolus
530 578 624 637 malus
638 587 692 650 est,
706 596 871 654 perpaucae
885 597 931 638 res
945 589 1021 652 sunt,
1036 577 1068 637 in
1082 577 1188 656 quibus
1202 599 1263 640 non

220 675 307 734 dolus
320 675 415 734 malus
428 673 483 734 iste
494 685 623 734 versetur
628 696 638 748 ;
654 673 716 735 sive
729 673 773 733 vir
786 675 882 735 bonus
896 686 941 736 est
954 674 987 749 is,
1003 674 1054 751 qui
1068 676 1188 752 prodest
1201 677 1264 752 qui·

219 771 275 831 bus
289 780 395 847 potest,
410 782 499 831 nocet
512 771 633 844 nemini,
649 783 728 832 certe
747 771 836 832 istum
854 771 949 831 virum
967 773 1079 833 bonum
1098 791 1160 832 non
1177 773 1263 835 facile
1291 805 1305 855 5

218 866 385 944 reperimus.
428 870 601 945 Numquam
615 880 659 928 est
672 869 759 946 igitur
771 869 843 930 utile
857 889 987 946 peccare,
1003 870 1073 948 quia
1090 890 1206 948 semper
1217 883 1263 934 est

219 974 313 1040 turpe,
328 974 359 1023 et
379 961 449 1040 quia
466 983 582 1043 semper
594 976 639 1025 est
652 966 812 1026 honestum
825 965 920 1026 virum
933 968 1046 1027 bonum
1059 986 1134 1042 esse,
1146 987 1263 1047 semper

212 1063 265 1119 ‘est
278 1057 356 1117 utile.

143 1186 208 1236 XV1
246 1201 332 1244 sm,
363 1216 434 1244 exam,
531 1162 580 1236 65.
621 1162 668 1219 Ac
688 1161 727 1220 de
747 1158 810 1220 iure
830 1159 952 1237 quidem
971 1159 1158 1238 praediomm
1178 1178 1261 1222 sance

220 1252 434 1350 ξξξζρξῑξῗῆξὲξεῑξ
471 1265 534 1314 tum
548 1257 627 1332 apud
641 1275 696 1316 nos
709 1267 754 1317 est
767 1256 829 1318 iure
842 1256 929 1330 civili,
944 1268 977 1317 ut
994 1257 1025 1317 in
1044 1257 1079 1318 iis
1096 1257 1261 1318 vendendis
1275 1287 1305 1324 10

219 1353 433 1444 &ldffifflffiss‘
470 1348 541 1408 vitia
568 1349 742 1421 dicerentur,
771 1367 848 1424 quae
881 1361 954 1410 nota
980 1361 1077 1410 essent
1104 1349 1257 1410 venditori.

170 1441 179 1456 s
414 1417 436 1454 ἔ,

219 1454 317 1544 ἓᾟξείεέῐ
350 1454 433 1551 ffinghsf
471 1447 551 1506 Nam
575 1465 644 1506 cum
669 1465 707 1507 ex
727 1446 886 1507 duodecim
907 1446 1013 1506 tabulis
1034 1447 1103 1507 satis
1127 1459 1204 1533 esset
1223 1467 1259 1509 ea

216 1552 305 1645 duim
326 1554 369 1594 and
394 1553 430 1594 the
468 1541 615 1618 praestari,
640 1561 717 1618 quae
740 1553 838 1604 essent
861 1541 960 1621 lingua
983 1555 1160 1621 nuncupata,
1183 1563 1258 1623 quae

468 1637 520 1714 qui
546 1637 686 1697 infitiatus
713 1649 799 1712 esset,
828 1637 910 1715 dupli
939 1658 1068 1715 poenam
1094 1636 1212 1712 subiret,
1240 1657 1259 1698 a

217 1735 286 1798 iuris
308 1735 449 1797 consultis
469 1734 559 1794 etiam
579 1734 747 1795 reticentiae
771 1754 868 1812 poena
891 1746 936 1796 est
957 1735 1122 1796 constituta
1166 1733 1301 1809 Quid-15

218 1834 291 1911 quid
317 1834 397 1895 enim
424 1844 502 1894 esset
528 1832 559 1891 in
586 1832 708 1909 praedio
734 1832 806 1905 vitii,
827 1833 859 1894 id
886 1844 1056 1905 statuerunt,
1078 1831 1103 1892 si
1123 1831 1259 1892 venditor

218 1930 311 2002 sciret,
333 1930 389 1991 nisi
409 1928 584 1990 nominatim
611 1929 724 1989 dictum
751 1940 836 2002 esset,
858 1928 996 2005 praestari
1023 1940 1165 2005 oportere.
1208 1929 1254 1987 66.

218 2027 270 2100 Ut,
285 2045 353 2085 cum
372 2025 403 2085 in
421 2045 487 2085 arce
506 2025 658 2104 augurium
676 2045 801 2103 augures
819 2025 911 2085 acturi
930 2036 1027 2086 essent
1047 2022 1258 2100 iussissentque

466 2122 513 2182 Ti
556 2121 717 2184 Claudium
759 2123 976 2195 Centumalum,
1012 2119 1062 2198 qui
1096 2121 1185 2182 aedes
1224 2119 1256 2179 in

216 2198 427 2293 ,ssffifss‘c'm'
466 2218 569 2280 Caelio
601 2228 704 2278 monte
732 2217 870 2289 habebat,
898 2214 1033 2276 demoliri
1059 2235 1104 2289 ea,
1132 2235 1256 2292 quorum
1272 2253 1304 2288 ,ο

466 2316 591 2377 altitudo
612 2315 741 2375 officeret
761 2311 906 2389 auspiciis,
929 2312 1072 2373 Claudius
1090 2310 1258 2389 proscripsit

216 2413 352 2484 insulam,
370 2413 522 2487 vendidit3
549 2410 620 2473 emit
647 2413 680 2470 P.
709 2408 887 2486 Calpurnius
915 2408 1064 2468 Lanarius.
1109 2407 1191 2468 Huic
1217 2407 1256 2469 ab

215 2512 371 2589 auguribus
398 2512 472 2572 illud
499 2511 579 2570 idem
606 2506 811 2583 denuntiatum
838 2516 890 2567 est.
947 2508 1052 2583 Itaque
1080 2504 1256 2583 Calpurnius

215 2625 284 2666 curn
311 2606 471 2667 demolitus
497 2616 574 2665 esset
596 2614 816 2681 cognossetque
851 2601 1011 2662 Claudium
1037 2603 1127 2662 aedes
1152 2613 1257 2681 postea

214 2703 425 2781 proscripsisse,
447 2723 536 2780 quam
564 2713 641 2763 esset
668 2702 705 2761 ab
726 2699 883 2778 auguribus
904 2698 1039 2759 demoliri
1059 2698 1162 2773 iussus,
1183 2697 1257 2759 arbi-
1270 2737 1300 2784 25

463 2811 539 2860 tmm
554 2800 637 2858 illum
651 2796 758 2876 adegit,
774 2813 927 2868 eruquu
949 2813 1008 2855 srm
1030 2811 1115 2854 nanu
1137 2811 1257 2854 racana

213 2878 424 2972 ,Xssffiss’ffiff'
463 2912 646 2958 oronrnnsr
673 2909 716 2952 ux
739 2909 814 2952 mun
839 2909 930 2952 Boua
975 2893 1018 2951 M.
1042 2893 1119 2952 Cato
1140 2904 1256 2954 senten·

413 2994 416 2999 ’
461 2994 533 3055 tiam
567 2990 648 3065 dixit,
683 2989 772 3050 huius
805 2988 896 3048 nostri
930 2987 1052 3050 Catonis
1079 3001 1168 3065 pater.
1211 2991 1256 3053 Ut

212 3091 291 3155 enim
319 3091 407 3152 ceteri
434 3111 471 3151 ex
498 3088 636 3167 patribus,
658 3085 701 3146 sic
724 3085 782 3157 hic,
804 3085 854 3162 qui
874 3084 949 3144 illud
969 3087 1069 3145 lumen
1089 3085 1254 3162 progenuit,

212 3190 323 3250 exsilio
337 3200 381 3248 est
395 3187 601 3250 nominandus,
645 3185 677 3244 Is
694 3183 782 3260 igitur
795 3183 885 3242 iudex
899 3182 939 3241 ita
952 3183 1157 3259 pronuntiavit,
1174 3186 1255 3243 ‘cum
1269 3218 1302 3268 30

212 3286 243 3346 in
270 3287 431 3346 vendundo
457 3304 519 3346 rem
544 3302 609 3343 eam
630 3281 732 3342 scisset
752 3292 782 3342 et
802 3300 863 3341 non
884 3281 1108 3357 pronuntiasset,
1130 3281 1256 3358 emptori

212 3384 353 3442 damnum
380 3380 519 3459 praestari
546 3379 697 3456 oportere!
759 3381 805 3452 67.
848 3379 926 3453 Ergo
961 3377 1000 3435 ad
1026 3378 1117 3436 fidem
1143 3377 1255 3437 bonam

212 3479 311 3539 statuit
343 3479 488 3556 pertinere
522 3487 627 3535 notum
660 3493 725 3534 esse
752 3473 877 3550 emptori
904 3472 1016 3545 vitium,
1045 3473 1127 3550 quod
1154 3484 1255 3534 nosset

211 3573 353 3633 venditor.
397 3573 488 3648 Quod
506 3571 623 3631 sirecte
642 3568 790 3641 iudicavit,
804 3587 865 3628 non
884 3579 962 3627 recte
976 3566 1182 3627 frumentarius
1193 3565 1254 3641 ille,

259 3747 273 3797 5
290 3743 356 3786 recte
370 3737 401 3784 St
409 3751 465 3783 cum
475 3734 547 3793 codd,
566 3733 628 3781 idem
643 3732 723 3782 virum
738 3731 830 3781 iustum
845 3746 901 3778 cum
910 3729 1035 3793 plerisque
1048 3728 1123 3788 codd„
1142 3734 1209 3778 certe
1222 3744 1255 3777 ex

208 3815 329 3866 tonatim·
341 3815 402 3866 coni.
413 3817 455 3865 Ba
471 3817 551 3866 Heine
566 3816 608 3862 Lu
620 3814 730 3878 plerique
744 3813 799 3861 edd.
822 3817 832 3871 ΙΙ
860 3829 887 3862 12
906 3812 995 3860 tabulis
1011 3827 1058 3859 om.
1070 3812 1103 3860 H
1114 3811 1151 3859 Be
1166 3816 1254 3861 contra

41 3888 97 4048 ἱ
207 3897 273 3947 codd.
309 3901 319 3955 l
354 3911 385 3945 aa
402 3897 513 3947 vendidit
523 3912 571 3946 orn·
582 3897 624 3946 Bo
633 3903 730 3945 auctore
742 3895 831 3955 Cobeto,
845 3893 915 3942 uncrssr
924 3895 1073 3942 secluserunt
1083 3893 1216 3943 HeineLu
