2670 4296
257 209 295 274 28
414 194 416 199 ¹
593 211 767 269 Domesticos
775 211 962 286 fortitudines
1144 207 1174 291 [1
1189 228 1250 271 xxi·
1264 229 1299 289 73

253 374 341 466 :gdbtge
348 375 467 467 ffiegffi
505 375 584 435 enim
605 376 688 436 aliter
707 387 759 436 aut
779 376 839 454 regi
859 375 960 436 civitas
981 387 1032 436 aut
1048 375 1188 436 declarari
1207 375 1300 447 animi

253 475 465 528 observedbrthem·
505 470 678 547 magnitudo
704 483 809 548 potest
853 472 1082 547 Capessentibus
1108 483 1209 532 autem
1235 492 1299 532 rem

250 566 404 643 publicam
424 565 517 626 nihilo
537 567 633 626 minus
651 587 741 643 quam
761 567 952 644 philosophis,
970 569 1051 628 haud
1069 567 1131 629 seio
1151 588 1190 628 an
1208 568 1301 646 magis

255 661 354 735 etiam,
377 682 413 722 ea
436 663 653 739 magnificentia
677 674 710 724 et
728 663 920 740 despicientia
944 663 1114 724 adhibenda
1135 674 1181 724 est
1204 683 1301 728 rerum

255 757 459 830 humanarum,
482 778 572 834 quam
595 779 683 835 saepe
711 760 787 833 dico,
818 771 847 820 et
873 760 1066 836 tranquillitas
1093 759 1184 819 animi
1211 753 1301 837 atque

256 853 403 927 securitas,
419 854 443 912 si
463 855 585 930 quidem
602 875 658 915 nec
678 856 757 915 anxii
771 855 859 915 suturi
873 867 940 914 sunt
955 867 1068 916 etcum
1080 856 1220 933 gravitate
1232 875 1302 918 con-

256 949 420 1025 stantiaque
440 949 551 1009 victuri.
604 969 618 1026 7
623 972 649 1026 3.
694 953 778 1026 Quae
800 951 929 1010 faciliora
947 963 1015 1010 sunt
1031 951 1222 1028 philosophis,
1240 972 1312 1030 quo,

255 1044 353 1105 minus
370 1047 462 1105 multa
479 1058 581 1122 patent
597 1047 628 1105 in
646 1067 749 1107 eorum
766 1048 834 1120 vita,
851 1067 927 1124 quae
948 1050 1065 1108 fortuna
1082 1048 1173 1122 feriat,
1188 1060 1218 1109 et
1240 1069 1301 1126 quo

255 1141 352 1201 minus
376 1127 475 1202 multis
495 1144 581 1203 rebus
602 1155 690 1220 egent
735 1156 765 1204 et
792 1143 871 1219 quia,
892 1143 917 1203 si
941 1143 1014 1220 quid
1033 1144 1149 1203 adversi
1176 1145 1299 1218 eveniat,

255 1247 315 1297 tam
342 1238 465 1315 graviter
491 1240 596 1299 cadere
624 1259 684 1299 non
705 1252 836 1316 possunt.
880 1240 1027 1315 Quocirca
1046 1259 1107 1299 non
1128 1239 1191 1300 sine
1211 1261 1301 1300 causa
1316 1270 1335 1304 ι.

255 1333 379 1393 maiores
393 1345 491 1393 motus
508 1335 672 1395 animorum
689 1335 874 1395 concitantur
890 1335 1042 1412 maiorque
1063 1356 1133 1396 cura
1152 1336 1300 1399 efficiendi

254 1449 317 1489 rem
343 1430 491 1506 publicam
518 1432 685 1507 gerentibus
713 1451 804 1508 quam
824 1431 940 1508 quietis,
970 1451 1031 1508 quo
1051 1432 1143 1510 magis
1164 1432 1199 1492 iis
1219 1453 1301 1511 mag·

255 1525 360 1586 nitudo
380 1537 424 1586 est
447 1526 538 1585 animi
565 1521 736 1588 adhibenda
762 1538 792 1588 et
819 1527 950 1587 vacuitas
978 1529 1016 1588 ab
1043 1527 1207 1605 angoribus.
1249 1531 1300 1590 Ad

262 1676 470 1727 Asmesmanought
506 1642 568 1682 rem
589 1625 748 1701 gerendam
769 1635 874 1684 autem·
890 1624 941 1701 qui
961 1625 1077 1684 accedit
1096 1635 1198 1685 caveat
1214 1645 1252 1686 ne
1269 1625 1300 1686 id

255 1735 276 1768 to
290 1728 397 1778 provide
413 1741 468 1778 vro·
506 1721 598 1780 modo
618 1721 794 1792 consideret,
809 1741 898 1797 quam
917 1721 967 1780 illa
984 1741 1030 1780 res
1048 1722 1172 1781 honesta
1186 1721 1231 1795 sit,
1246 1723 1325 1782 sedr

254 1790 299 1827 per
325 1786 410 1818 means
437 1779 469 1817 for

254 1827 469 1917 3332{,3‡¹,¹,35P{
506 1817 595 1876 etiam
621 1829 654 1876 ut
681 1818 788 1877 habeat
810 1818 957 1877 efficiendi
977 1820 1163 1879 facultatem:
1190 1818 1220 1878 in
1239 1838 1300 1895 quo

253 1928 468 1998 avoiddesnondencv
506 1935 570 1990 ipso
591 1915 838 1983 considerandum
859 1926 903 1974 est
923 1905 961 1974 ne
977 1927 1028 1975 aut
1042 1927 1151 1975 temere
1165 1917 1301 1993 desperet

253 1977 467 2068 ῗνῖἷὲἷιᾱῗιιῖεἶῗω
505 2024 623 2089 propter
649 2011 795 2087 ignaviam
823 2023 872 2070 aut
900 2011 987 2070 nimis
1020 2013 1149 2071 confidat
1182 2021 1301 2089 propter

254 2111 456 2187 cupiditatem.
489 2110 528 2166 In
539 2107 675 2167 omnibus
686 2119 785 2166 autern
797 2107 929 2184 negotiis,
940 2108 1110 2184 priusquam
1120 2107 1299 2186 adgrediare,

220 2208 425 2268 ,adhibenda
439 2217 482 2267 est
496 2203 678 2282 praeparatio
693 2203 824 2281 diligens.
1230 2269 1232 2273 Α
1313 2228 1335 2261 2.

159 2314 243 2365 XXII
285 2330 414 2380 Superiority
448 2329 473 2370 ot
569 2317 613 2374 74.
658 2301 717 2358 Sed
737 2320 805 2358 cum
825 2301 957 2377 plerique
977 2301 1151 2361 arbitrentur
1175 2320 1222 2361 res
1242 2301 1302 2362 bel.-

219 2454 221 2458 ,
258 2380 471 2472 ῗζζξξῑξζξξῗωὲξζῗζζ
508 2397 579 2456 licas
593 2395 717 2453 maiores
732 2415 795 2455 esse
815 2416 905 2472 quam
924 2397 1058 2469 urbanas,
1076 2397 1238 2458 minuenda
1256 2407 1301 2458 est

258 2481 376 2580 &iiiiii
387 2495 469 2572 ζῑξξξῗῖζ
507 2499 581 2556 haec
603 2495 712 2572 opinio.
757 2493 846 2553 Multi
867 2493 946 2552 enim
961 2494 1039 2552 bella
1052 2512 1138 2569 saepe
1153 2493 1302 2568 quaesive

258 2581 469 2672 3¹,2¹,²,¹,¹¹,{},⁸32,2
507 2604 573 2651 runt
594 2602 712 2668 propter
731 2589 839 2667 gloriae
866 2587 1066 2663 cupiditatem,
1095 2600 1184 2664 atque
1211 2588 1243 2647 id
1269 2587 1301 2647 in

257 2681 308 2722 wtu
317 2692 396 2732 ”²⁰⁸⁵
507 2688 619 2765 magnis
640 2686 745 2746 animis
766 2684 948 2762 ingeniisque
969 2686 1143 2760 plerumque
1158 2683 1335 2762 contingit

257 2802 354 2860 eoque
373 2785 474 2862 magis,
489 2785 513 2845 si
535 2797 602 2844 sunt
616 2785 655 2843 ad
668 2802 730 2842 rem
744 2781 898 2840 militarem
912 2780 973 2856 apti
988 2777 1030 2860 [et
1043 2780 1144 2856 cupidi
1156 2780 1301 2840 bellomm

257 2879 472 2962 gerendorum}
508 2885 585 2941 Vere
600 2891 699 2939 autem
713 2878 737 2937 si
750 2880 887 2937 volumus
900 2877 1038 2949 iudicare,
1050 2878 1159 2937 multae
1173 2896 1219 2937 res
1232 2876 1302 2937 exti-

257 2989 354 3039 terunt
367 2980 497 3039 urbanae
510 2977 635 3036 maiores
649 2974 842 3049 clarioresque
857 2992 946 3049 quarn
956 2973 1086 3033 bellicae.
1122 2986 1167 3050 75.
1191 2975 1302 3048 Quam·

256 3075 300 3136 vis
322 3075 401 3136 enim
421 3074 637 3134 Themistocles
657 3071 719 3130 iure
739 3071 875 3129 laudetur
895 3080 924 3128 et
944 3069 981 3128 sit
1002 3068 1064 3128 eius
1083 3089 1193 3129 nomen
1210 3089 1300 3147 quam

258 3172 373 3232 Solonis
390 3170 533 3230 illustrius
549 3169 712 3243 citcturque
729 3165 852 3225 Salamis
868 3164 1044 3224 clarissimae
1058 3164 1140 3225 testis
1152 3164 1299 3238 victoriae,
1331 3202 1335 3217 ·

258 3286 334 3343 quae
342 3278 536 3343 anteponatur
544 3264 666 3324 consilio
676 3262 791 3322 Solonis
800 3261 828 3322 ei
842 3281 902 3337 quo
913 3261 1040 3337 primum
1050 3260 1201 3321 constituit
1211 3265 1301 3322 Areo

256 3363 376 3440 pagitaS,
392 3382 452 3422 non
467 3362 564 3421 minus
578 3361 758 3437 praeclarum
773 3360 831 3418 hoc
845 3377 935 3433 quam
949 3357 1022 3416 illud
1035 3356 1229 3417 iudicandum
1247 3369 1299 3418 est

258 3460 337 3519 Illud
357 3458 436 3519 enim
457 3459 549 3517 semel
569 3456 686 3533 profuit,
707 3457 766 3514 hoc
790 3473 905 3530 semper
931 3453 1061 3530 proderit
1087 3451 1300 3524 civitati:‚hoc

305 3587 319 3634 3
341 3571 403 3621 nihil
420 3570 502 3619 minus
519 3571 543 3619 Z
562 3569 670 3632 Madvig
685 3585 741 3617 cum
758 3567 824 3616 codd.
860 3570 869 3624 ΙΙ
905 3581 967 3630 4ea
990 3565 1047 3630 (pro
1065 3567 1100 3627 et)
1117 3565 1300 3630 magnificentia

256 3648 363 3716 Madvig
375 3651 492 3715 quom'am
506 3650 633 3713 diremptio
646 3648 842 3713 magnificentiae
855 3654 879 3695 et
893 3647 1068 3710 despicientiae
1078 3647 1170 3710 duplici
1178 3654 1204 3698 et
1215 3655 1300 3712 prava

254 3732 289 3780 sit
322 3736 332 3791 ΙΙ
366 3733 508 3782 adhibenda
519 3739 556 3780 est
568 3733 625 3794 (pro
636 3732 677 3792 sit)
689 3732 729 3779 Ba
735 3737 792 3794 post
802 3729 951 3778 Munatium
962 3729 1042 3777 Heine
1052 3729 1093 3777 Lu
1129 3732 1138 3786 ΙΙ
1176 3728 1207 3780 26
1223 3729 1299 3779 Verba

255 3819 282 3861 et
292 3814 376 3878 cupidi
390 3812 517 3864 bellorum
528 3812 692 3875 gerendorum
706 3827 720 3859 c
735 3811 847 3871 stargina
861 3809 983 3871 irrepsisse
996 3808 1088 3856 iudz'cai
1101 3808 1142 3856 Ba
1155 3815 1210 3874 post
1219 3810 1299 3875 Saup-

248 3889 324 3955 pium
329 3893 448 3957 probante
457 3892 553 3950 Heinc;
568 3889 651 3939 callidi
657 3897 705 3954 pro
715 3889 799 3954 cupidi
809 3889 938 3938 conclamat
948 3889 969 3937 I
974 3888 1147 3953 FHeusinger

17 3112 29 3389 :n—-mw-
16 2560 29 3091 ,Γῇ--ῼω-ο-ᾕ-ᾳ-κ-
17 2470 28 2549 —oe—
14 2304 27 2453 -—-.
11 2071 26 2289 -.--;-.-.-
20 2028 26 2057 ..-
20 1966 24 1979 ,
19 1862 24 1899 ..-
