<?xml version="1.0" encoding="UTF-8"?>
<!DOCTYPE html PUBLIC "-//W3C//DTD XHTML 1.0 Transitional//EN"
    "http://www.w3.org/TR/xhtml1/DTD/xhtml1-transitional.dtd">
<html xmlns="http://www.w3.org/1999/xhtml" xml:lang="en" lang="en">
 <head>
  <title>
</title>
<meta http-equiv="Content-Type" content="text/html;charset=utf-8" />
  <meta name='ocr-system' content='tesseract 3.04.00' />
  <meta name='ocr-capabilities' content='ocr_page ocr_carea ocr_par ocr_line ocrx_word'/>
</head>
<body>
  <div class='ocr_page' id='page_1' title='image "./mtciceronisdeof00cicegoog_0093.png"; bbox 0 0 2670 4296; ppageno 0'>
   <div class='ocr_carea' id='block_1_1' title="bbox 170 223 1217 313">
    <p class='ocr_par' dir='ltr' id='par_1_1' title="bbox 170 223 1217 313">
     <span class='ocr_line' id='line_1_1' title="bbox 170 223 1217 313; baseline -0.002 -27"><span class='ocrx_word' id='word_1_1' title='bbox 170 249 211 301; x_wconf 70' lang='lat' dir='ltr'>qa</span> <span class='ocrx_word' id='word_1_2' title='bbox 436 239 439 248; x_wconf 83' lang='lat'>&#39;</span> <span class='ocrx_word' id='word_1_3' title='bbox 463 225 513 288; x_wconf 75' lang='lat' dir='ltr'>Dc</span> <span class='ocrx_word' id='word_1_4' title='bbox 530 244 562 288; x_wconf 84' lang='lat' dir='ltr'>ca</span> <span class='ocrx_word' id='word_1_5' title='bbox 575 234 663 313; x_wconf 70' lang='lat' dir='ltr'>parte</span> <span class='ocrx_word' id='word_1_6' title='bbox 681 228 787 288; x_wconf 81' lang='lat' dir='ltr'>Decori</span> <span class='ocrx_word' id='word_1_7' title='bbox 803 246 875 304; x_wconf 79' lang='lat' dir='ltr'>quae</span> <span class='ocrx_word' id='word_1_8' title='bbox 892 226 936 286; x_wconf 84' lang='lat' dir='ltr'>ad</span> <span class='ocrx_word' id='word_1_9' title='bbox 1021 223 1054 307; x_wconf 88' lang='lat'>[1</span> <span class='ocrx_word' id='word_1_10' title='bbox 1065 240 1144 284; x_wconf 79' lang='lat' dir='ltr'>xxxi</span> <span class='ocrx_word' id='word_1_11' title='bbox 1163 239 1217 300; x_wconf 75' lang='lat'>113</span> 
     </span>
    </p>
   </div>
   <div class='ocr_carea' id='block_1_2' title="bbox 109 392 1280 2399">
    <p class='ocr_par' dir='ltr' id='par_1_2' title="bbox 166 392 1280 1636">
     <span class='ocr_line' id='line_1_2' title="bbox 173 392 1280 476; baseline -0.008 -16"><span class='ocrx_word' id='word_1_12' title='bbox 173 397 361 476; x_wconf 86' lang='lat' dir='ltr'>aspiciendus</span> <span class='ocrx_word' id='word_1_13' title='bbox 387 397 449 458; x_wconf 84' lang='lat' dir='ltr'>suit.</span> <span class='ocrx_word' id='word_1_14' title='bbox 503 417 567 474; x_wconf 71' lang='lat'>113,</span> <span class='ocrx_word' id='word_1_15' title='bbox 611 399 709 472; x_wconf 90' lang='lat' dir='ltr'>Quam</span> <span class='ocrx_word' id='word_1_16' title='bbox 736 397 829 455; x_wconf 90' lang='lat' dir='ltr'>multa</span> <span class='ocrx_word' id='word_1_17' title='bbox 854 414 959 473; x_wconf 91' lang='lat' dir='ltr'>passus</span> <span class='ocrx_word' id='word_1_18' title='bbox 985 405 1030 456; x_wconf 91' lang='lat' dir='ltr'>est</span> <span class='ocrx_word' id='word_1_19' title='bbox 1056 393 1161 456; x_wconf 85' lang='lat' dir='ltr'><strong>Ulixes</strong></span> <span class='ocrx_word' id='word_1_20' title='bbox 1188 392 1219 451; x_wconf 94' lang='lat' dir='ltr'>in</span> <span class='ocrx_word' id='word_1_21' title='bbox 1278 395 1280 403; x_wconf 70' lang='grc'><strong>“</strong></span> 
     </span>
     <span class='ocr_line' id='line_1_3' title="bbox 172 490 1219 568; baseline -0.007 -12"><span class='ocrx_word' id='word_1_22' title='bbox 172 495 224 556; x_wconf 89' lang='lat' dir='ltr'>illo</span> <span class='ocrx_word' id='word_1_23' title='bbox 245 514 341 556; x_wconf 91' lang='lat' dir='ltr'>errore</span> <span class='ocrx_word' id='word_1_24' title='bbox 363 495 509 568; x_wconf 90' lang='lat' dir='ltr'>diuturno,</span> <span class='ocrx_word' id='word_1_25' title='bbox 532 513 602 553; x_wconf 90' lang='lat' dir='ltr'>cum</span> <span class='ocrx_word' id='word_1_26' title='bbox 623 506 653 553; x_wconf 91' lang='lat' dir='ltr'>et</span> <span class='ocrx_word' id='word_1_27' title='bbox 674 492 852 563; x_wconf 91' lang='lat' dir='ltr'>mulieribus,</span> <span class='ocrx_word' id='word_1_28' title='bbox 876 491 900 551; x_wconf 94' lang='lat' dir='ltr'>si</span> <span class='ocrx_word' id='word_1_29' title='bbox 925 491 1011 552; x_wconf 87' lang='lat' dir='ltr'>Circe</span> <span class='ocrx_word' id='word_1_30' title='bbox 1037 500 1068 550; x_wconf 89' lang='lat' dir='ltr'>et</span> <span class='ocrx_word' id='word_1_31' title='bbox 1090 490 1219 566; x_wconf 86' lang='lat' dir='ltr'>Calypso</span> 
     </span>
     <span class='ocr_line' id='line_1_4' title="bbox 166 585 1267 668; baseline -0.008 -16"><span class='ocrx_word' id='word_1_32' title='bbox 166 592 309 652; x_wconf 85' lang='lat' dir='ltr'>mulieres</span> <span class='ocrx_word' id='word_1_33' title='bbox 323 593 515 668; x_wconf 86' lang='lat' dir='ltr'>appellandae</span> <span class='ocrx_word' id='word_1_34' title='bbox 529 602 606 664; x_wconf 91' lang='lat' dir='ltr'>sunt,</span> <span class='ocrx_word' id='word_1_35' title='bbox 621 589 771 650; x_wconf 84' lang='lat' dir='ltr'>inserviret</span> <span class='ocrx_word' id='word_1_36' title='bbox 785 601 814 650; x_wconf 93' lang='lat' dir='ltr'>et</span> <span class='ocrx_word' id='word_1_37' title='bbox 831 589 863 649; x_wconf 93' lang='lat' dir='ltr'>in</span> <span class='ocrx_word' id='word_1_38' title='bbox 878 588 960 648; x_wconf 90' lang='lat' dir='ltr'>omni</span> <span class='ocrx_word' id='word_1_39' title='bbox 979 605 1113 647; x_wconf 87' lang='lat' dir='ltr'>sermone</span> <span class='ocrx_word' id='word_1_40' title='bbox 1128 585 1220 646; x_wconf 91' lang='lat' dir='ltr'>omni·</span> <span class='ocrx_word' id='word_1_41' title='bbox 1265 608 1267 612; x_wconf 95' lang='lat'>·</span> 
     </span>
     <span class='ocr_line' id='line_1_5' title="bbox 173 682 1218 752; baseline -0.011 0"><span class='ocrx_word' id='word_1_42' title='bbox 173 690 229 752; x_wconf 92' lang='lat' dir='ltr'>bus</span> <span class='ocrx_word' id='word_1_43' title='bbox 242 689 401 750; x_wconf 82' lang='lat' dir='ltr'>adfabilem</span> <span class='ocrx_word' id='word_1_44' title='bbox 422 698 450 750; x_wconf 79' lang='lat' dir='ltr'>et</span> <span class='ocrx_word' id='word_1_45' title='bbox 468 691 619 750; x_wconf 81' lang='lat' dir='ltr'>iucundum</span> <span class='ocrx_word' id='word_1_46' title='bbox 640 707 705 748; x_wconf 89' lang='lat' dir='ltr'>esse</span> <span class='ocrx_word' id='word_1_47' title='bbox 732 707 764 748; x_wconf 89' lang='lat' dir='ltr'>se</span> <span class='ocrx_word' id='word_1_48' title='bbox 783 688 894 747; x_wconf 84' lang='lat' dir='ltr'>vellet?</span> <span class='ocrx_word' id='word_1_49' title='bbox 934 684 1027 744; x_wconf 92' lang='lat' dir='ltr'>Domi</span> <span class='ocrx_word' id='word_1_50' title='bbox 1044 703 1115 744; x_wconf 90' lang='lat' dir='ltr'>vero</span> <span class='ocrx_word' id='word_1_51' title='bbox 1130 682 1218 744; x_wconf 89' lang='lat' dir='ltr'>etiam</span> 
     </span>
     <span class='ocr_line' id='line_1_6' title="bbox 173 780 1263 860; baseline -0.006 -14"><span class='ocrx_word' id='word_1_52' title='bbox 173 785 366 846; x_wconf 80' lang='lat' dir='ltr'>contumelias</span> <span class='ocrx_word' id='word_1_53' title='bbox 380 803 529 844; x_wconf 88' lang='lat' dir='ltr'>servorum</span> <span class='ocrx_word' id='word_1_54' title='bbox 543 784 773 860; x_wconf 89' lang='lat' dir='ltr'>ancillammque</span> <span class='ocrx_word' id='word_1_55' title='bbox 790 783 915 860; x_wconf 92' lang='lat' dir='ltr'>pertulit,</span> <span class='ocrx_word' id='word_1_56' title='bbox 930 793 964 842; x_wconf 91' lang='lat' dir='ltr'>ut</span> <span class='ocrx_word' id='word_1_57' title='bbox 983 783 1023 841; x_wconf 88' lang='lat' dir='ltr'>ad</span> <span class='ocrx_word' id='word_1_58' title='bbox 1038 781 1070 840; x_wconf 96' lang='lat' dir='ltr'>id</span> <span class='ocrx_word' id='word_1_59' title='bbox 1090 780 1220 856; x_wconf 90' lang='lat' dir='ltr'>aliquan-</span> <span class='ocrx_word' id='word_1_60' title='bbox 1249 804 1263 852; x_wconf 82' lang='lat'>5</span> 
     </span>
     <span class='ocr_line' id='line_1_7' title="bbox 174 877 1218 957; baseline -0.007 -14"><span class='ocrx_word' id='word_1_61' title='bbox 174 882 215 943; x_wconf 92' lang='lat' dir='ltr'>do</span> <span class='ocrx_word' id='word_1_62' title='bbox 229 882 311 957; x_wconf 92' lang='lat' dir='ltr'>quod</span> <span class='ocrx_word' id='word_1_63' title='bbox 324 880 462 956; x_wconf 90' lang='lat' dir='ltr'>cupiebat</span> <span class='ocrx_word' id='word_1_64' title='bbox 475 879 594 940; x_wconf 89' lang='lat' dir='ltr'>veniret</span> <span class='ocrx_word' id='word_1_65' title='bbox 636 883 677 940; x_wconf 90' lang='lat' dir='ltr'>At</span> <span class='ocrx_word' id='word_1_66' title='bbox 691 880 767 939; x_wconf 84' lang='lat' dir='ltr'>Aiax</span> <span class='ocrx_word' id='word_1_67' title='bbox 790 899 850 956; x_wconf 92' lang='lat' dir='ltr'>quo</span> <span class='ocrx_word' id='word_1_68' title='bbox 864 879 964 939; x_wconf 89' lang='lat' dir='ltr'>animo</span> <span class='ocrx_word' id='word_1_69' title='bbox 978 877 1101 938; x_wconf 85' lang='lat' dir='ltr'>traditur</span> <span class='ocrx_word' id='word_1_70' title='bbox 1124 877 1218 937; x_wconf 89' lang='lat' dir='ltr'>milies</span> 
     </span>
     <span class='ocr_line' id='line_1_8' title="bbox 173 976 1221 1056; baseline -0.006 -17"><span class='ocrx_word' id='word_1_71' title='bbox 173 989 313 1056; x_wconf 90' lang='lat' dir='ltr'>oppetere</span> <span class='ocrx_word' id='word_1_72' title='bbox 332 989 456 1037; x_wconf 90' lang='lat' dir='ltr'>mortem</span> <span class='ocrx_word' id='word_1_73' title='bbox 475 997 564 1054; x_wconf 90' lang='lat' dir='ltr'>quam</span> <span class='ocrx_word' id='word_1_74' title='bbox 581 977 631 1036; x_wconf 90' lang='lat' dir='ltr'>illa</span> <span class='ocrx_word' id='word_1_75' title='bbox 650 977 764 1054; x_wconf 90' lang='lat' dir='ltr'>perpeti</span> <span class='ocrx_word' id='word_1_76' title='bbox 783 976 941 1036; x_wconf 86' lang='lat' dir='ltr'>maluisset.</span> <span class='ocrx_word' id='word_1_77' title='bbox 985 976 1070 1050; x_wconf 88' lang='lat' dir='ltr'>Quae</span> <span class='ocrx_word' id='word_1_78' title='bbox 1090 985 1221 1035; x_wconf 90' lang='lat' dir='ltr'>contem·</span> 
     </span>
     <span class='ocr_line' id='line_1_9' title="bbox 171 1071 1219 1154; baseline -0.003 -19"><span class='ocrx_word' id='word_1_79' title='bbox 171 1075 289 1154; x_wconf 83' lang='lat' dir='ltr'>&#39;plantes</span> <span class='ocrx_word' id='word_1_80' title='bbox 315 1075 482 1151; x_wconf 85' lang='lat' dir='ltr'>expendere</span> <span class='ocrx_word' id='word_1_81' title='bbox 506 1073 661 1151; x_wconf 87' lang='lat' dir='ltr'>oportebit,</span> <span class='ocrx_word' id='word_1_82' title='bbox 683 1074 756 1151; x_wconf 94' lang='lat' dir='ltr'>quid</span> <span class='ocrx_word' id='word_1_83' title='bbox 776 1073 901 1150; x_wconf 85' lang='lat' dir='ltr'>quisque</span> <span class='ocrx_word' id='word_1_84' title='bbox 922 1072 1029 1132; x_wconf 90' lang='lat' dir='ltr'>habeat</span> <span class='ocrx_word' id='word_1_85' title='bbox 1049 1071 1103 1144; x_wconf 90' lang='lat' dir='ltr'>sui,</span> <span class='ocrx_word' id='word_1_86' title='bbox 1125 1089 1219 1147; x_wconf 90' lang='lat' dir='ltr'>eaque</span> 
     </span>
     <span class='ocr_line' id='line_1_10' title="bbox 174 1167 1219 1246; baseline -0.004 -16"><span class='ocrx_word' id='word_1_87' title='bbox 174 1169 320 1230; x_wconf 86' lang='lat' dir='ltr'>moderari</span> <span class='ocrx_word' id='word_1_88' title='bbox 340 1189 397 1229; x_wconf 91' lang='lat' dir='ltr'>nec</span> <span class='ocrx_word' id='word_1_89' title='bbox 416 1171 491 1230; x_wconf 88' lang='lat' dir='ltr'>velle</span> <span class='ocrx_word' id='word_1_90' title='bbox 512 1168 643 1245; x_wconf 88' lang='lat' dir='ltr'>experiri,</span> <span class='ocrx_word' id='word_1_91' title='bbox 659 1188 749 1246; x_wconf 90' lang='lat' dir='ltr'>quam</span> <span class='ocrx_word' id='word_1_92' title='bbox 770 1188 802 1228; x_wconf 91' lang='lat' dir='ltr'>se</span> <span class='ocrx_word' id='word_1_93' title='bbox 823 1168 919 1227; x_wconf 88' lang='lat' dir='ltr'>aliena</span> <span class='ocrx_word' id='word_1_94' title='bbox 932 1168 1074 1228; x_wconf 91' lang='lat' dir='ltr'>deceant:</span> <span class='ocrx_word' id='word_1_95' title='bbox 1095 1167 1127 1227; x_wconf 95' lang='lat' dir='ltr'>id</span> <span class='ocrx_word' id='word_1_96' title='bbox 1140 1167 1219 1231; x_wconf 90' lang='lat' dir='ltr'>enim</span> 
     </span>
     <span class='ocr_line' id='line_1_11' title="bbox 175 1263 1265 1342; baseline -0.002 -16"><span class='ocrx_word' id='word_1_97' title='bbox 175 1285 312 1326; x_wconf 83' lang='lat' dir='ltr'>maxume</span> <span class='ocrx_word' id='word_1_98' title='bbox 339 1284 487 1342; x_wconf 88' lang='lat' dir='ltr'>quemque</span> <span class='ocrx_word' id='word_1_99' title='bbox 514 1266 609 1338; x_wconf 90' lang='lat' dir='ltr'>decet,</span> <span class='ocrx_word' id='word_1_100' title='bbox 633 1266 716 1341; x_wconf 93' lang='lat' dir='ltr'>quod</span> <span class='ocrx_word' id='word_1_101' title='bbox 738 1276 782 1324; x_wconf 89' lang='lat' dir='ltr'>est</span> <span class='ocrx_word' id='word_1_102' title='bbox 806 1264 947 1341; x_wconf 89' lang='lat' dir='ltr'>cuiusque</span> <span class='ocrx_word' id='word_1_103' title='bbox 975 1263 1101 1325; x_wconf 89' lang='lat' dir='ltr'>maxime</span> <span class='ocrx_word' id='word_1_104' title='bbox 1123 1283 1218 1324; x_wconf 90' lang='lat' dir='ltr'>suum.</span> <span class='ocrx_word' id='word_1_105' title='bbox 1236 1290 1265 1326; x_wconf 78' lang='grc' dir='ltr'>ιο</span> 
     </span>
     <span class='ocr_line' id='line_1_12' title="bbox 170 1359 1221 1438; baseline -0.002 -16"><span class='ocrx_word' id='word_1_106' title='bbox 170 1382 245 1436; x_wconf 41' lang='lat'>1114.</span> <span class='ocrx_word' id='word_1_107' title='bbox 280 1364 372 1422; x_wconf 90' lang='lat' dir='ltr'>Suum</span> <span class='ocrx_word' id='word_1_108' title='bbox 394 1360 518 1438; x_wconf 91' lang='lat' dir='ltr'>quisque</span> <span class='ocrx_word' id='word_1_109' title='bbox 540 1361 627 1438; x_wconf 88' lang='lat' dir='ltr'>igitur</span> <span class='ocrx_word' id='word_1_110' title='bbox 650 1373 753 1421; x_wconf 92' lang='lat' dir='ltr'>noscat</span> <span class='ocrx_word' id='word_1_111' title='bbox 776 1359 927 1437; x_wconf 85' lang='lat' dir='ltr'>ingenium</span> <span class='ocrx_word' id='word_1_112' title='bbox 948 1379 1106 1437; x_wconf 90' lang='lat' dir='ltr'>acremque</span> <span class='ocrx_word' id='word_1_113' title='bbox 1132 1379 1165 1421; x_wconf 89' lang='lat' dir='ltr'>se</span> <span class='ocrx_word' id='word_1_114' title='bbox 1191 1371 1221 1420; x_wconf 92' lang='lat' dir='ltr'>et</span> 
     </span>
     <span class='ocr_line' id='line_1_13' title="bbox 172 1455 1222 1532; baseline -0.007 -11"><span class='ocrx_word' id='word_1_115' title='bbox 172 1461 322 1521; x_wconf 90' lang='lat' dir='ltr'>bonorum</span> <span class='ocrx_word' id='word_1_116' title='bbox 344 1470 374 1518; x_wconf 92' lang='lat' dir='ltr'>et</span> <span class='ocrx_word' id='word_1_117' title='bbox 396 1458 534 1518; x_wconf 90' lang='lat' dir='ltr'>vitiorum</span> <span class='ocrx_word' id='word_1_118' title='bbox 556 1477 676 1517; x_wconf 90' lang='lat' dir='ltr'>suorum</span> <span class='ocrx_word' id='word_1_119' title='bbox 704 1456 832 1516; x_wconf 91' lang='lat' dir='ltr'>iudicem</span> <span class='ocrx_word' id='word_1_120' title='bbox 859 1456 1005 1532; x_wconf 86' lang='lat' dir='ltr'>praebeat,</span> <span class='ocrx_word' id='word_1_121' title='bbox 1029 1455 1222 1516; x_wconf 87' lang='lat' dir='ltr'>ne·scaenici</span> 
     </span>
     <span class='ocr_line' id='line_1_14' title="bbox 175 1551 1221 1636; baseline -0.005 -20"><span class='ocrx_word' id='word_1_122' title='bbox 175 1559 242 1636; x_wconf 92' lang='lat' dir='ltr'>plus</span> <span class='ocrx_word' id='word_1_123' title='bbox 263 1575 352 1633; x_wconf 89' lang='lat' dir='ltr'>quam</span> <span class='ocrx_word' id='word_1_124' title='bbox 372 1574 427 1614; x_wconf 93' lang='lat' dir='ltr'>nos</span> <span class='ocrx_word' id='word_1_125' title='bbox 446 1554 600 1616; x_wconf 88' lang='lat' dir='ltr'>videantur</span> <span class='ocrx_word' id='word_1_126' title='bbox 620 1554 728 1614; x_wconf 88' lang='lat' dir='ltr'>habere</span> <span class='ocrx_word' id='word_1_127' title='bbox 754 1551 935 1630; x_wconf 88' lang='lat' dir='ltr'>prudentiae.</span> <span class='ocrx_word' id='word_1_128' title='bbox 978 1552 1026 1611; x_wconf 94' lang='lat' dir='ltr'>Illi</span> <span class='ocrx_word' id='word_1_129' title='bbox 1053 1551 1133 1612; x_wconf 90' lang='lat' dir='ltr'>enim</span> <span class='ocrx_word' id='word_1_130' title='bbox 1160 1571 1221 1611; x_wconf 91' lang='lat' dir='ltr'>non</span> 
     </span>
    </p>

    <p class='ocr_par' dir='ltr' id='par_1_3' title="bbox 109 1636 1270 2399">
     <span class='ocr_line' id='line_1_15' title="bbox 109 1636 1221 1741; baseline -0.007 -23"><span class='ocrx_word' id='word_1_131' title='bbox 109 1731 114 1741; x_wconf 85' lang='lat'><em>.</em></span> <span class='ocrx_word' id='word_1_132' title='bbox 175 1669 321 1735; x_wconf 90' lang='lat' dir='ltr'>optumas,</span> <span class='ocrx_word' id='word_1_133' title='bbox 337 1655 390 1714; x_wconf 93' lang='lat' dir='ltr'>sed</span> <span class='ocrx_word' id='word_1_134' title='bbox 403 1652 459 1712; x_wconf 89' lang='lat' dir='ltr'>sibi</span> <span class='ocrx_word' id='word_1_135' title='bbox 472 1650 792 1712; x_wconf 86' lang='lat' dir='ltr'>accommodatissimas</span> <span class='ocrx_word' id='word_1_136' title='bbox 806 1650 918 1709; x_wconf 81' lang='lat' dir='ltr'>fabulas</span> <span class='ocrx_word' id='word_1_137' title='bbox 933 1636 1062 1726; x_wconf 87' lang='lat' dir='ltr'>eligunt:</span> <span class='ocrx_word' id='word_1_138' title='bbox 1083 1649 1135 1726; x_wconf 91' lang='lat' dir='ltr'>qui</span> <span class='ocrx_word' id='word_1_139' title='bbox 1148 1669 1221 1710; x_wconf 93' lang='lat' dir='ltr'>voce</span> 
     </span>
     <span class='ocr_line' id='line_1_16' title="bbox 181 1739 1270 1825; baseline -0.012 -15"><span class='ocrx_word' id='word_1_140' title='bbox 181 1749 246 1810; x_wconf 87' lang='lat' dir='ltr'>sreti</span> <span class='ocrx_word' id='word_1_141' title='bbox 263 1761 338 1823; x_wconf 92' lang='lat' dir='ltr'>sunt,</span> <span class='ocrx_word' id='word_1_142' title='bbox 359 1747 510 1825; x_wconf 85' lang='lat' dir='ltr'>Epigonos</span> <span class='ocrx_word' id='word_1_143' title='bbox 529 1749 721 1821; x_wconf 90' lang='lat' dir='ltr'>Medumque,</span> <span class='ocrx_word' id='word_1_144' title='bbox 739 1744 789 1822; x_wconf 90' lang='lat' dir='ltr'>qui</span> <span class='ocrx_word' id='word_1_145' title='bbox 807 1756 899 1821; x_wconf 85' lang='lat' dir='ltr'>gestu,</span> <span class='ocrx_word' id='word_1_146' title='bbox 917 1739 1132 1820; x_wconf 88' lang='lat' dir='ltr'>Melanippam,</span> <span class='ocrx_word' id='word_1_147' title='bbox 1151 1740 1217 1816; x_wconf 92' lang='lat' dir='ltr'>Cly·</span> <span class='ocrx_word' id='word_1_148' title='bbox 1243 1757 1270 1806; x_wconf 78' lang='lat'>¹5</span> 
     </span>
     <span class='ocr_line' id='line_1_17' title="bbox 181 1837 1216 1922; baseline -0.012 -15"><span class='ocrx_word' id='word_1_149' title='bbox 181 1859 367 1919; x_wconf 82' lang='lat' dir='ltr'>temestram3</span> <span class='ocrx_word' id='word_1_150' title='bbox 392 1866 507 1921; x_wconf 89' lang='lat' dir='ltr'>semper</span> <span class='ocrx_word' id='word_1_151' title='bbox 529 1845 675 1922; x_wconf 91' lang='lat' dir='ltr'>Rupilius,</span> <span class='ocrx_word' id='word_1_152' title='bbox 700 1862 791 1920; x_wconf 90' lang='lat' dir='ltr'>quem</span> <span class='ocrx_word' id='word_1_153' title='bbox 812 1861 868 1918; x_wconf 87' lang='lat' dir='ltr'>ego</span> <span class='ocrx_word' id='word_1_154' title='bbox 890 1839 1019 1916; x_wconf 90' lang='lat' dir='ltr'>memini,</span> <span class='ocrx_word' id='word_1_155' title='bbox 1045 1837 1216 1915; x_wconf 86' lang='lat' dir='ltr'>Antiopam,</span> 
     </span>
     <span class='ocr_line' id='line_1_18' title="bbox 180 1933 1223 2010; baseline 0.001 -16"><span class='ocrx_word' id='word_1_156' title='bbox 180 1954 241 1995; x_wconf 91' lang='lat' dir='ltr'>non</span> <span class='ocrx_word' id='word_1_157' title='bbox 268 1954 355 2010; x_wconf 90' lang='lat' dir='ltr'>saepe</span> <span class='ocrx_word' id='word_1_158' title='bbox 383 1939 519 2010; x_wconf 89' lang='lat' dir='ltr'>Aesopus</span> <span class='ocrx_word' id='word_1_159' title='bbox 547 1935 677 1992; x_wconf 91' lang='lat' dir='ltr'>Aiacem.</span> <span class='ocrx_word' id='word_1_160' title='bbox 729 1935 807 2010; x_wconf 89' lang='lat' dir='ltr'>Ergo</span> <span class='ocrx_word' id='word_1_161' title='bbox 841 1933 942 1992; x_wconf 90' lang='lat' dir='ltr'>histrio</span> <span class='ocrx_word' id='word_1_162' title='bbox 969 1935 1028 1993; x_wconf 93' lang='lat' dir='ltr'>hoc</span> <span class='ocrx_word' id='word_1_163' title='bbox 1054 1935 1165 1995; x_wconf 91' lang='lat' dir='ltr'>videbit</span> <span class='ocrx_word' id='word_1_164' title='bbox 1192 1935 1223 1995; x_wconf 93' lang='lat' dir='ltr'>in</span> 
     </span>
     <span class='ocr_line' id='line_1_19' title="bbox 170 2028 1224 2109; baseline 0.002 -19"><span class='ocrx_word' id='word_1_165' title='bbox 170 2051 294 2104; x_wconf 54' lang='lat' dir='ltr'>«scaena,</span> <span class='ocrx_word' id='word_1_166' title='bbox 319 2051 380 2091; x_wconf 91' lang='lat' dir='ltr'>non</span> <span class='ocrx_word' id='word_1_167' title='bbox 401 2028 512 2091; x_wconf 89' lang='lat' dir='ltr'>videbit</span> <span class='ocrx_word' id='word_1_168' title='bbox 536 2028 652 2106; x_wconf 90' lang='lat' dir='ltr'>sapiens</span> <span class='ocrx_word' id='word_1_169' title='bbox 675 2028 719 2088; x_wconf 92' lang='lat' dir='ltr'>vir</span> <span class='ocrx_word' id='word_1_170' title='bbox 738 2029 769 2088; x_wconf 92' lang='lat' dir='ltr'>in</span> <span class='ocrx_word' id='word_1_171' title='bbox 789 2029 870 2089; x_wconf 86' lang='lat' dir='ltr'>vita?</span> <span class='ocrx_word' id='word_1_172' title='bbox 909 2031 960 2090; x_wconf 90' lang='lat' dir='ltr'>Ad</span> <span class='ocrx_word' id='word_1_173' title='bbox 980 2050 1052 2106; x_wconf 93' lang='lat' dir='ltr'>quas</span> <span class='ocrx_word' id='word_1_174' title='bbox 1073 2030 1159 2109; x_wconf 88' lang='lat' dir='ltr'>igitur</span> <span class='ocrx_word' id='word_1_175' title='bbox 1177 2051 1224 2092; x_wconf 90' lang='lat' dir='ltr'>res</span> 
     </span>
     <span class='ocr_line' id='line_1_20' title="bbox 178 2124 1224 2203; baseline 0 -17"><span class='ocrx_word' id='word_1_176' title='bbox 178 2125 321 2203; x_wconf 89' lang='lat' dir='ltr'>aptissimi</span> <span class='ocrx_word' id='word_1_177' title='bbox 347 2126 462 2198; x_wconf 89' lang='lat' dir='ltr'>erimus,</span> <span class='ocrx_word' id='word_1_178' title='bbox 486 2125 517 2184; x_wconf 92' lang='lat' dir='ltr'>in</span> <span class='ocrx_word' id='word_1_179' title='bbox 543 2125 579 2184; x_wconf 94' lang='lat' dir='ltr'>iis</span> <span class='ocrx_word' id='word_1_180' title='bbox 605 2124 791 2202; x_wconf 90' lang='lat' dir='ltr'>potissimum</span> <span class='ocrx_word' id='word_1_181' title='bbox 819 2125 1041 2186; x_wconf 91' lang='lat' dir='ltr'>elaborabimus.</span> <span class='ocrx_word' id='word_1_182' title='bbox 1094 2127 1146 2188; x_wconf 87' lang='lat' dir='ltr'>Sin</span> <span class='ocrx_word' id='word_1_183' title='bbox 1172 2126 1224 2186; x_wconf 87' lang='lat' dir='ltr'>ali·</span> 
     </span>
     <span class='ocr_line' id='line_1_21' title="bbox 180 2222 1269 2302; baseline 0.002 -20"><span class='ocrx_word' id='word_1_184' title='bbox 180 2225 300 2300; x_wconf 89' lang='lat' dir='ltr'>quando</span> <span class='ocrx_word' id='word_1_185' title='bbox 324 2223 482 2284; x_wconf 88' lang='lat' dir='ltr'>necessitas</span> <span class='ocrx_word' id='word_1_186' title='bbox 504 2241 559 2282; x_wconf 91' lang='lat' dir='ltr'>nos</span> <span class='ocrx_word' id='word_1_187' title='bbox 582 2223 622 2283; x_wconf 88' lang='lat' dir='ltr'>ad</span> <span class='ocrx_word' id='word_1_188' title='bbox 643 2242 680 2282; x_wconf 86' lang='lat' dir='ltr'>ea</span> <span class='ocrx_word' id='word_1_189' title='bbox 706 2223 868 2296; x_wconf 82' lang='lat' dir='ltr'>detruserit,</span> <span class='ocrx_word' id='word_1_190' title='bbox 892 2243 968 2300; x_wconf 90' lang='lat' dir='ltr'>quae</span> <span class='ocrx_word' id='word_1_191' title='bbox 995 2222 1087 2284; x_wconf 90' lang='lat' dir='ltr'>nostri</span> <span class='ocrx_word' id='word_1_192' title='bbox 1114 2224 1223 2302; x_wconf 88' lang='lat' dir='ltr'>ingenii</span> <span class='ocrx_word' id='word_1_193' title='bbox 1238 2249 1269 2285; x_wconf 81' lang='lat'>20</span> 
     </span>
     <span class='ocr_line' id='line_1_22' title="bbox 179 2310 1224 2399; baseline 0.005 -22"><span class='ocrx_word' id='word_1_194' title='bbox 179 2338 241 2379; x_wconf 92' lang='lat' dir='ltr'>non</span> <span class='ocrx_word' id='word_1_195' title='bbox 261 2330 353 2392; x_wconf 89' lang='lat' dir='ltr'>erunt,</span> <span class='ocrx_word' id='word_1_196' title='bbox 376 2318 471 2378; x_wconf 92' lang='lat' dir='ltr'>omnis</span> <span class='ocrx_word' id='word_1_197' title='bbox 491 2316 661 2394; x_wconf 84' lang='lat' dir='ltr'>adhibenda</span> <span class='ocrx_word' id='word_1_198' title='bbox 681 2318 735 2378; x_wconf 92' lang='lat' dir='ltr'>erit</span> <span class='ocrx_word' id='word_1_199' title='bbox 754 2339 825 2378; x_wconf 88' lang='lat' dir='ltr'>cura</span> <span class='ocrx_word' id='word_1_200' title='bbox 844 2319 996 2379; x_wconf 91' lang='lat' dir='ltr'>meditatio</span> <span class='ocrx_word' id='word_1_201' title='bbox 1018 2310 1224 2399; x_wconf 31' lang='lat' dir='ltr'>diligentia&#39;ut</span> 
     </span>
    </p>
   </div>
   <div class='ocr_carea' id='block_1_3' title="bbox 62 2417 1267 2800">
    <p class='ocr_par' dir='ltr' id='par_1_4' title="bbox 172 2417 1222 2497">
     <span class='ocr_line' id='line_1_23' title="bbox 172 2417 1222 2497; baseline 0.003 -20"><span class='ocrx_word' id='word_1_202' title='bbox 172 2436 216 2478; x_wconf 91' lang='lat' dir='ltr'>ea</span> <span class='ocrx_word' id='word_1_203' title='bbox 235 2417 260 2477; x_wconf 94' lang='lat' dir='ltr'>si</span> <span class='ocrx_word' id='word_1_204' title='bbox 280 2437 341 2477; x_wconf 91' lang='lat' dir='ltr'>non</span> <span class='ocrx_word' id='word_1_205' title='bbox 362 2418 476 2486; x_wconf 87' lang='lat' dir='ltr'>decore,</span> <span class='ocrx_word' id='word_1_206' title='bbox 488 2428 519 2476; x_wconf 88' lang='lat' dir='ltr'>at</span> <span class='ocrx_word' id='word_1_207' title='bbox 539 2436 629 2493; x_wconf 91' lang='lat' dir='ltr'>quam</span> <span class='ocrx_word' id='word_1_208' title='bbox 649 2417 770 2477; x_wconf 91' lang='lat' dir='ltr'>minime</span> <span class='ocrx_word' id='word_1_209' title='bbox 790 2417 929 2477; x_wconf 88' lang='lat' dir='ltr'>indecore</span> <span class='ocrx_word' id='word_1_210' title='bbox 952 2420 1047 2478; x_wconf 83' lang='lat' dir='ltr'>facere</span> <span class='ocrx_word' id='word_1_211' title='bbox 1068 2420 1222 2497; x_wconf 90' lang='lat' dir='ltr'>possimus.</span> 
     </span>
    </p>

    <p class='ocr_par' dir='ltr' id='par_1_5' title="bbox 181 2511 1222 2589">
     <span class='ocr_line' id='line_1_24' title="bbox 181 2511 1222 2589; baseline -0.001 -15"><span class='ocrx_word' id='word_1_212' title='bbox 181 2515 247 2574; x_wconf 92' lang='lat' dir='ltr'>Nec</span> <span class='ocrx_word' id='word_1_213' title='bbox 270 2525 331 2572; x_wconf 92' lang='lat' dir='ltr'>tam</span> <span class='ocrx_word' id='word_1_214' title='bbox 353 2523 397 2572; x_wconf 92' lang='lat' dir='ltr'>est</span> <span class='ocrx_word' id='word_1_215' title='bbox 420 2511 604 2587; x_wconf 89' lang='lat' dir='ltr'>enitendum,</span> <span class='ocrx_word' id='word_1_216' title='bbox 617 2524 650 2571; x_wconf 93' lang='lat' dir='ltr'>ut</span> <span class='ocrx_word' id='word_1_217' title='bbox 674 2512 761 2585; x_wconf 82' lang='lat' dir='ltr'>bona,</span> <span class='ocrx_word' id='word_1_218' title='bbox 780 2531 856 2589; x_wconf 90' lang='lat' dir='ltr'>quae</span> <span class='ocrx_word' id='word_1_219' title='bbox 878 2511 963 2572; x_wconf 93' lang='lat' dir='ltr'>nobis</span> <span class='ocrx_word' id='word_1_220' title='bbox 985 2514 1055 2572; x_wconf 90' lang='lat' dir='ltr'>data</span> <span class='ocrx_word' id='word_1_221' title='bbox 1074 2533 1135 2573; x_wconf 93' lang='lat' dir='ltr'>non</span> <span class='ocrx_word' id='word_1_222' title='bbox 1156 2513 1222 2588; x_wconf 92' lang='lat' dir='ltr'>sint,</span> 
     </span>
    </p>

    <p class='ocr_par' dir='ltr' id='par_1_6' title="bbox 62 2609 1267 2800">
     <span class='ocr_line' id='line_1_25' title="bbox 182 2609 1175 2688; baseline -0.003 -18"><span class='ocrx_word' id='word_1_223' title='bbox 182 2630 339 2688; x_wconf 90' lang='lat' dir='ltr'>sequamur</span> <span class='ocrx_word' id='word_1_224' title='bbox 362 2630 452 2688; x_wconf 90' lang='lat' dir='ltr'>quam</span> <span class='ocrx_word' id='word_1_225' title='bbox 465 2623 498 2670; x_wconf 89' lang='lat' dir='ltr'>ut</span> <span class='ocrx_word' id='word_1_226' title='bbox 510 2610 581 2670; x_wconf 92' lang='lat' dir='ltr'>vitia</span> <span class='ocrx_word' id='word_1_227' title='bbox 594 2609 745 2687; x_wconf 87' lang='lat' dir='ltr'>fugiamus.</span> <span class='ocrx_word' id='word_1_228' title='bbox 1172 2679 1175 2683; x_wconf 28' lang='lat'>,</span> 
     </span>
     <span class='ocr_line' id='line_1_26' title="bbox 62 2706 1267 2800; baseline -0.002 -30"><span class='ocrx_word' id='word_1_229' title='bbox 62 2721 170 2773; x_wconf 83' lang='lat' dir='ltr'>XXXII</span> <span class='ocrx_word' id='word_1_230' title='bbox 206 2747 256 2800; x_wconf 59' lang='lat' dir='ltr'>(Ac)</span> <span class='ocrx_word' id='word_1_231' title='bbox 273 2744 394 2788; x_wconf 48' lang='lat' dir='ltr'>Hem„</span> <span class='ocrx_word' id='word_1_232' title='bbox 494 2722 558 2783; x_wconf 82' lang='lat'>115.</span> <span class='ocrx_word' id='word_1_233' title='bbox 600 2709 646 2765; x_wconf 90' lang='lat' dir='ltr'>Ac</span> <span class='ocrx_word' id='word_1_234' title='bbox 666 2706 780 2766; x_wconf 92' lang='lat' dir='ltr'>duabus</span> <span class='ocrx_word' id='word_1_235' title='bbox 800 2706 836 2767; x_wconf 90' lang='lat' dir='ltr'>iis</span> <span class='ocrx_word' id='word_1_236' title='bbox 862 2707 1003 2785; x_wconf 91' lang='lat' dir='ltr'>personis,</span> <span class='ocrx_word' id='word_1_237' title='bbox 1031 2727 1105 2785; x_wconf 92' lang='lat' dir='ltr'>quas</span> <span class='ocrx_word' id='word_1_238' title='bbox 1138 2729 1267 2786; x_wconf 79' lang='lat' dir='ltr'>suprar5</span> 
     </span>
    </p>
   </div>
   <div class='ocr_carea' id='block_1_4' title="bbox 181 2798 1224 2898">
    <p class='ocr_par' dir='ltr' id='par_1_7' title="bbox 181 2798 1224 2898">
     <span class='ocr_line' id='line_1_27' title="bbox 181 2798 1224 2898; baseline -0.006 -29"><span class='ocrx_word' id='word_1_239' title='bbox 181 2798 394 2898; x_wconf 48' lang='lat' dir='ltr'>{gfflfflnfffffi</span> <span class='ocrx_word' id='word_1_240' title='bbox 431 2802 500 2871; x_wconf 87' lang='lat' dir='ltr'>dixi,</span> <span class='ocrx_word' id='word_1_241' title='bbox 521 2801 606 2862; x_wconf 91' lang='lat' dir='ltr'>tertia</span> <span class='ocrx_word' id='word_1_242' title='bbox 626 2801 802 2880; x_wconf 87' lang='lat' dir='ltr'>adiungitur,</span> <span class='ocrx_word' id='word_1_243' title='bbox 827 2825 917 2882; x_wconf 90' lang='lat' dir='ltr'>quam</span> <span class='ocrx_word' id='word_1_244' title='bbox 943 2825 1029 2866; x_wconf 88' lang='lat' dir='ltr'>casus</span> <span class='ocrx_word' id='word_1_245' title='bbox 1055 2806 1147 2885; x_wconf 88' lang='lat' dir='ltr'>aliqui</span> <span class='ocrx_word' id='word_1_246' title='bbox 1172 2819 1224 2868; x_wconf 87' lang='lat' dir='ltr'>aut</span> 
     </span>
    </p>
   </div>
   <div class='ocr_carea' id='block_1_5' title="bbox 181 2895 1226 2998">
    <p class='ocr_par' dir='ltr' id='par_1_8' title="bbox 181 2895 1226 2998">
     <span class='ocr_line' id='line_1_28' title="bbox 181 2895 1226 2998; baseline -0.009 -30"><span class='ocrx_word' id='word_1_247' title='bbox 181 2899 393 2998; x_wconf 50' lang='lat' dir='ltr'>{ffifflggsffig</span> <span class='ocrx_word' id='word_1_248' title='bbox 436 2909 553 2974; x_wconf 89' lang='lat' dir='ltr'>tempus</span> <span class='ocrx_word' id='word_1_249' title='bbox 566 2895 709 2975; x_wconf 88' lang='lat' dir='ltr'>imponit:</span> <span class='ocrx_word' id='word_1_250' title='bbox 730 2916 834 2977; x_wconf 88' lang='lat' dir='ltr'>quarta</span> <span class='ocrx_word' id='word_1_251' title='bbox 852 2902 949 2977; x_wconf 89' lang='lat' dir='ltr'>etiam,</span> <span class='ocrx_word' id='word_1_252' title='bbox 968 2921 1058 2979; x_wconf 89' lang='lat' dir='ltr'>quam</span> <span class='ocrx_word' id='word_1_253' title='bbox 1079 2900 1226 2961; x_wconf 90' lang='lat' dir='ltr'>nobismet</span> 
     </span>
    </p>
   </div>
   <div class='ocr_carea' id='block_1_6' title="bbox 180 2991 1226 3089">
    <p class='ocr_par' dir='ltr' id='par_1_9' title="bbox 180 2991 1226 3089">
     <span class='ocr_line' id='line_1_29' title="bbox 180 2991 1226 3089; baseline -0.007 -29"><span class='ocrx_word' id='word_1_254' title='bbox 180 2999 347 3089; x_wconf 51' lang='lat' dir='ltr'>{vhgrlgtffiigqiicq</span> <span class='ocrx_word' id='word_1_255' title='bbox 355 2999 394 3088; x_wconf 41' lang='lat' dir='ltr'>gp·</span> <span class='ocrx_word' id='word_1_256' title='bbox 434 2991 492 3070; x_wconf 93' lang='lat' dir='ltr'>ipsi</span> <span class='ocrx_word' id='word_1_257' title='bbox 504 2992 613 3055; x_wconf 92' lang='lat' dir='ltr'>iudicio</span> <span class='ocrx_word' id='word_1_258' title='bbox 626 3006 727 3056; x_wconf 89' lang='lat' dir='ltr'>nostro</span> <span class='ocrx_word' id='word_1_259' title='bbox 741 2999 1010 3058; x_wconf 89' lang='lat' dir='ltr'>accommodamus.</span> <span class='ocrx_word' id='word_1_260' title='bbox 1048 2999 1126 3056; x_wconf 92' lang='lat' dir='ltr'>Nam</span> <span class='ocrx_word' id='word_1_261' title='bbox 1136 3015 1226 3073; x_wconf 84' lang='lat' dir='ltr'>regna</span> 
     </span>
    </p>
   </div>
   <div class='ocr_carea' id='block_1_7' title="bbox 180 3086 1222 3198">
    <p class='ocr_par' dir='ltr' id='par_1_10' title="bbox 180 3086 1222 3198">
     <span class='ocr_line' id='line_1_30' title="bbox 180 3086 1222 3198; baseline 0.005 -50"><span class='ocrx_word' id='word_1_262' title='bbox 180 3106 231 3196; x_wconf 48' lang='grc' dir='ltr'>ἓξὲξ</span> <span class='ocrx_word' id='word_1_263' title='bbox 250 3099 295 3189; x_wconf 61' lang='lat' dir='ltr'>aqq</span> <span class='ocrx_word' id='word_1_264' title='bbox 309 3098 392 3198; x_wconf 52' lang='lat' dir='ltr'>(5²⁰,ssss</span> <span class='ocrx_word' id='word_1_265' title='bbox 433 3086 563 3166; x_wconf 88' lang='lat' dir='ltr'>imperia,</span> <span class='ocrx_word' id='word_1_266' title='bbox 578 3090 746 3152; x_wconf 90' lang='lat' dir='ltr'>nobilitates</span> <span class='ocrx_word' id='word_1_267' title='bbox 757 3095 892 3167; x_wconf 90' lang='lat' dir='ltr'>honores,</span> <span class='ocrx_word' id='word_1_268' title='bbox 904 3091 1024 3153; x_wconf 91' lang='lat' dir='ltr'>divitiae</span> <span class='ocrx_word' id='word_1_269' title='bbox 1034 3113 1107 3170; x_wconf 91' lang='lat' dir='ltr'>opes</span> <span class='ocrx_word' id='word_1_270' title='bbox 1118 3113 1222 3170; x_wconf 88' lang='lat' dir='ltr'>eaque,</span> 
     </span>
    </p>
   </div>
   <div class='ocr_carea' id='block_1_8' title="bbox 180 3183 1269 3289">
    <p class='ocr_par' dir='ltr' id='par_1_11' title="bbox 180 3183 1269 3289">
     <span class='ocr_line' id='line_1_31' title="bbox 180 3183 1269 3289; baseline 0.001 -45"><span class='ocrx_word' id='word_1_271' title='bbox 180 3198 397 3289; x_wconf 48' lang='lat' dir='ltr'>pgpfflffipgs</span> <span class='ocrx_word' id='word_1_272' title='bbox 431 3205 508 3264; x_wconf 91' lang='lat' dir='ltr'>quae</span> <span class='ocrx_word' id='word_1_273' title='bbox 522 3196 590 3245; x_wconf 91' lang='lat' dir='ltr'>sunt</span> <span class='ocrx_word' id='word_1_274' title='bbox 603 3183 649 3244; x_wconf 95' lang='lat' dir='ltr'>his</span> <span class='ocrx_word' id='word_1_275' title='bbox 663 3184 815 3257; x_wconf 88' lang='lat' dir='ltr'>contraria,</span> <span class='ocrx_word' id='word_1_276' title='bbox 831 3185 862 3243; x_wconf 90' lang='lat' dir='ltr'>in</span> <span class='ocrx_word' id='word_1_277' title='bbox 882 3203 952 3243; x_wconf 90' lang='lat' dir='ltr'>casu</span> <span class='ocrx_word' id='word_1_278' title='bbox 973 3184 1028 3244; x_wconf 91' lang='lat' dir='ltr'>sita</span> <span class='ocrx_word' id='word_1_279' title='bbox 1044 3185 1224 3262; x_wconf 90' lang='lat' dir='ltr'>temporibus</span> <span class='ocrx_word' id='word_1_280' title='bbox 1237 3195 1269 3260; x_wconf 80' lang='lat'>&#39;30</span> 
     </span>
    </p>
   </div>
   <div class='ocr_carea' id='block_1_9' title="bbox 172 3277 1224 3452">
    <p class='ocr_par' dir='ltr' id='par_1_12' title="bbox 172 3277 1224 3452">
     <span class='ocr_line' id='line_1_32' title="bbox 172 3277 1224 3358; baseline 0 -18"><span class='ocrx_word' id='word_1_281' title='bbox 172 3298 259 3350; x_wconf 7' lang='lat' dir='ltr'>peroret.</span> <span class='ocrx_word' id='word_1_282' title='bbox 311 3347 316 3357; x_wconf 41' lang='grc'><em>,</em></span> <span class='ocrx_word' id='word_1_283' title='bbox 431 3281 648 3358; x_wconf 83' lang='lat' dir='ltr'>gubernantur:</span> <span class='ocrx_word' id='word_1_284' title='bbox 669 3277 724 3354; x_wconf 92' lang='lat' dir='ltr'>ipsi</span> <span class='ocrx_word' id='word_1_285' title='bbox 738 3291 838 3339; x_wconf 92' lang='lat' dir='ltr'>autem</span> <span class='ocrx_word' id='word_1_286' title='bbox 851 3298 950 3356; x_wconf 90' lang='lat' dir='ltr'>gerere</span> <span class='ocrx_word' id='word_1_287' title='bbox 964 3297 1054 3355; x_wconf 90' lang='lat' dir='ltr'>quam</span> <span class='ocrx_word' id='word_1_288' title='bbox 1067 3299 1224 3356; x_wconf 91' lang='lat' dir='ltr'>personam</span> 
     </span>
     <span class='ocr_line' id='line_1_33' title="bbox 180 3347 1222 3452; baseline -0.003 -13"><span class='ocrx_word' id='word_1_289' title='bbox 180 3347 394 3448; x_wconf 51' lang='lat' dir='ltr'>mssssfflffffilss</span> <span class='ocrx_word' id='word_1_290' title='bbox 431 3376 563 3450; x_wconf 90' lang='lat' dir='ltr'>velimus,</span> <span class='ocrx_word' id='word_1_291' title='bbox 576 3395 595 3434; x_wconf 91' lang='lat' dir='ltr'>a</span> <span class='ocrx_word' id='word_1_292' title='bbox 616 3386 716 3435; x_wconf 87' lang='lat' dir='ltr'>nostra</span> <span class='ocrx_word' id='word_1_293' title='bbox 736 3378 887 3436; x_wconf 91' lang='lat' dir='ltr'>voluntate</span> <span class='ocrx_word' id='word_1_294' title='bbox 908 3374 1108 3452; x_wconf 86' lang='lat' dir='ltr'>proficiscitur.</span> <span class='ocrx_word' id='word_1_295' title='bbox 1158 3379 1222 3437; x_wconf 88' lang='lat'>116.</span> 
     </span>
    </p>
   </div>
   <div class='ocr_carea' id='block_1_10' title="bbox 180 3447 394 3504">
    <p class='ocr_par' dir='ltr' id='par_1_13' title="bbox 180 3447 394 3504">
     <span class='ocr_line' id='line_1_34' title="bbox 180 3447 394 3504; baseline -0.014 -16"><span class='ocrx_word' id='word_1_296' title='bbox 180 3461 228 3488; x_wconf 87' lang='lat' dir='ltr'>men</span> <span class='ocrx_word' id='word_1_297' title='bbox 249 3461 285 3489; x_wconf 87' lang='lat' dir='ltr'>are</span> <span class='ocrx_word' id='word_1_298' title='bbox 311 3447 394 3504; x_wconf 76' lang='lat' dir='ltr'>usually</span> 
     </span>
    </p>
   </div>
   <div class='ocr_carea' id='block_1_11' title="bbox 180 3471 1224 3564">
    <p class='ocr_par' dir='ltr' id='par_1_14' title="bbox 180 3471 1224 3564">
     <span class='ocr_line' id='line_1_35' title="bbox 180 3471 1224 3564; baseline 0.003 -32"><span class='ocrx_word' id='word_1_299' title='bbox 180 3499 259 3550; x_wconf 60' lang='lat' dir='ltr'>gunea</span> <span class='ocrx_word' id='word_1_300' title='bbox 288 3497 312 3538; x_wconf 69' lang='lat'>1„</span> <span class='ocrx_word' id='word_1_301' title='bbox 340 3496 394 3538; x_wconf 57' lang='lat' dir='ltr'>aaa</span> <span class='ocrx_word' id='word_1_302' title='bbox 433 3474 538 3548; x_wconf 87' lang='lat' dir='ltr'>Itaque</span> <span class='ocrx_word' id='word_1_303' title='bbox 552 3491 583 3532; x_wconf 93' lang='lat' dir='ltr'>se</span> <span class='ocrx_word' id='word_1_304' title='bbox 597 3471 647 3530; x_wconf 88' lang='lat' dir='ltr'>alii</span> <span class='ocrx_word' id='word_1_305' title='bbox 661 3473 700 3531; x_wconf 89' lang='lat' dir='ltr'>ad</span> <span class='ocrx_word' id='word_1_306' title='bbox 713 3472 944 3564; x_wconf 88' lang='lat' dir='ltr'>philosophiam,</span> <span class='ocrx_word' id='word_1_307' title='bbox 956 3473 1005 3533; x_wconf 88' lang='lat' dir='ltr'>alii</span> <span class='ocrx_word' id='word_1_308' title='bbox 1018 3475 1058 3534; x_wconf 90' lang='lat' dir='ltr'>ad</span> <span class='ocrx_word' id='word_1_309' title='bbox 1071 3472 1116 3534; x_wconf 91' lang='lat' dir='ltr'>ius</span> <span class='ocrx_word' id='word_1_310' title='bbox 1130 3473 1224 3549; x_wconf 89' lang='lat' dir='ltr'>civile,</span> 
     </span>
    </p>
   </div>
   <div class='ocr_carea' id='block_1_12' title="bbox 174 3641 1228 3948">
    <p class='ocr_par' dir='ltr' id='par_1_15' title="bbox 174 3641 1228 3948">
     <span class='ocr_line' id='line_1_36' title="bbox 229 3641 1222 3710; baseline -0.003 -14"><span class='ocrx_word' id='word_1_311' title='bbox 229 3654 287 3710; x_wconf 86' lang='lat' dir='ltr'>4et</span> <span class='ocrx_word' id='word_1_312' title='bbox 303 3645 439 3695; x_wconf 89' lang='lat' dir='ltr'>iucundum</span> <span class='ocrx_word' id='word_1_313' title='bbox 454 3643 550 3692; x_wconf 75' lang='lat' dir='ltr'>seclusit</span> <span class='ocrx_word' id='word_1_314' title='bbox 562 3643 603 3692; x_wconf 87' lang='lat' dir='ltr'>Ba</span> <span class='ocrx_word' id='word_1_315' title='bbox 616 3641 731 3690; x_wconf 78' lang='lat' dir='ltr'>omissum</span> <span class='ocrx_word' id='word_1_316' title='bbox 748 3642 776 3690; x_wconf 81' lang='lat' dir='ltr'>in</span> <span class='ocrx_word' id='word_1_317' title='bbox 792 3659 868 3692; x_wconf 81' lang='lat' dir='ltr'>noun.</span> <span class='ocrx_word' id='word_1_318' title='bbox 882 3644 948 3692; x_wconf 84' lang='lat' dir='ltr'>codd.</span> <span class='ocrx_word' id='word_1_319' title='bbox 971 3645 1089 3708; x_wconf 76' lang='lat' dir='ltr'>probante</span> <span class='ocrx_word' id='word_1_320' title='bbox 1098 3644 1179 3693; x_wconf 80' lang='lat' dir='ltr'>Hcine</span> <span class='ocrx_word' id='word_1_321' title='bbox 1212 3647 1222 3701; x_wconf 83' lang='grc' dir='ltr'>ΙΙ</span> 
     </span>
     <span class='ocr_line' id='line_1_37' title="bbox 175 3722 1225 3788; baseline -0.002 -14"><span class='ocrx_word' id='word_1_322' title='bbox 175 3740 215 3776; x_wconf 73' lang='grc' dir='ltr'>,ιο</span> <span class='ocrx_word' id='word_1_323' title='bbox 230 3725 345 3774; x_wconf 90' lang='lat' dir='ltr'>maxime.</span> <span class='ocrx_word' id='word_1_324' title='bbox 379 3724 457 3773; x_wconf 91' lang='lat' dir='ltr'>Suum</span> <span class='ocrx_word' id='word_1_325' title='bbox 468 3723 572 3786; x_wconf 90' lang='lat' dir='ltr'>quisque</span> <span class='ocrx_word' id='word_1_326' title='bbox 582 3723 623 3769; x_wconf 88' lang='lat' dir='ltr'>Ba</span> <span class='ocrx_word' id='word_1_327' title='bbox 633 3736 689 3770; x_wconf 85' lang='lat' dir='ltr'>cum</span> <span class='ocrx_word' id='word_1_328' title='bbox 699 3722 765 3770; x_wconf 83' lang='lat' dir='ltr'>codd.</span> <span class='ocrx_word' id='word_1_329' title='bbox 824 3726 834 3779; x_wconf 89' lang='grc' dir='ltr'>ΙΙ</span> <span class='ocrx_word' id='word_1_330' title='bbox 902 3737 934 3786; x_wconf 76' lang='lat'>24</span> <span class='ocrx_word' id='word_1_331' title='bbox 950 3738 1109 3788; x_wconf 84' lang='lat' dir='ltr'>assequamur</span> <span class='ocrx_word' id='word_1_332' title='bbox 1123 3723 1225 3776; x_wconf 74' lang='lat' dir='ltr'>Orcum</span> 
     </span>
     <span class='ocr_line' id='line_1_38' title="bbox 174 3802 1228 3870; baseline 0.001 -17"><span class='ocrx_word' id='word_1_333' title='bbox 174 3808 272 3857; x_wconf 77' lang='lat' dir='ltr'>duobus</span> <span class='ocrx_word' id='word_1_334' title='bbox 281 3806 347 3856; x_wconf 81' lang='lat' dir='ltr'>codd.</span> <span class='ocrx_word' id='word_1_335' title='bbox 377 3808 387 3863; x_wconf 88' lang='grc' dir='ltr'>ΙΙ</span> <span class='ocrx_word' id='word_1_336' title='bbox 418 3819 449 3869; x_wconf 76' lang='lat'>29</span> <span class='ocrx_word' id='word_1_337' title='bbox 466 3802 752 3853; x_wconf 84' lang='lat' dir='ltr'>nobilitatem-divitias</span> <span class='ocrx_word' id='word_1_338' title='bbox 762 3803 1085 3855; x_wconf 69' lang='lat' dir='ltr'>codanobttitas-divitiae</span> <span class='ocrx_word' id='word_1_339' title='bbox 1093 3806 1134 3854; x_wconf 88' lang='lat' dir='ltr'>Ba</span> <span class='ocrx_word' id='word_1_340' title='bbox 1144 3805 1228 3870; x_wconf 79' lang='lat' dir='ltr'>Unger</span> 
     </span>
     <span class='ocr_line' id='line_1_39' title="bbox 182 3885 588 3948; baseline -0.017 -9"><span class='ocrx_word' id='word_1_341' title='bbox 182 3889 278 3948; x_wconf 64' lang='lat' dir='ltr'>Herm</span> <span class='ocrx_word' id='word_1_342' title='bbox 293 3887 435 3938; x_wconf 84' lang='lat' dir='ltr'>nobilitates</span> <span class='ocrx_word' id='word_1_343' title='bbox 450 3885 486 3936; x_wconf 84' lang='lat' dir='ltr'>Or</span> <span class='ocrx_word' id='word_1_344' title='bbox 496 3885 536 3933; x_wconf 82' lang='lat' dir='ltr'>Lu</span> <span class='ocrx_word' id='word_1_345' title='bbox 548 3885 588 3933; x_wconf 88' lang='lat' dir='ltr'>Zu</span> 
     </span>
    </p>
   </div>
   <div class='ocr_carea' id='block_1_13' title="bbox 0 0 1340 4296">
    <p class='ocr_par' dir='ltr' id='par_1_16' title="bbox 0 0 1340 4296">
     <span class='ocr_line' id='line_1_40' title="bbox 0 0 1340 4296; baseline 0 0"><span class='ocrx_word' id='word_1_346' title='bbox 0 0 1340 4296; x_wconf 95' lang='lat' dir='ltr'> </span> 
     </span>
    </p>
   </div>
  </div>
 </body>
</html>
