2670 4296
186 218 224 274 88
563 221 613 280 De
630 241 662 280 ca
681 222 850 298 benficerdia
1055 219 1229 302 [11m74

185 384 438 460 congregabantur
458 384 602 458 homines,
625 396 725 446 tamen
747 406 800 463 spe
818 386 972 446 custodiae
991 406 1089 447 rerum
1109 406 1229 448 suarum

435 482 552 542 urbium
561 483 708 560 praesidia
717 487 911 562 quaerebant.
948 500 995 558 74.
1023 484 1228 545 Dandaetiam

186 548 400 657 nill’ndssssal’.
437 589 587 655 operaest
601 599 640 640 ne
655 579 752 658 (quod
768 582 849 658 apud
866 579 993 640 maiores
1006 591 1123 641 nostros
1140 600 1229 659 saepe

188 649 237 689 ”¹²¹¹
246 658 316 690 “⁸⁰⁵²
434 676 525 734 fiebat
534 687 653 753 propter
665 677 768 737 aerarii
780 677 955 737 tenuitatem
967 676 1229 754 assiduitatemque

187 769 342 848 bellorum)
352 770 494 832 tributum
502 771 540 831 sit
548 773 876 850 conserendum3idque
884 793 923 834 ne
932 773 1048 834 eveniat
1056 775 1151 834 multo
1160 785 1229 835 ante
1258 799 1272 846 5

186 865 239 924 erit
252 866 477 942 providendum.
519 867 571 927 Sin
584 887 660 945 quae
670 870 828 930 necessitas
842 868 928 929 huius
941 868 1072 929 muneris
1084 867 1173 928 alicui
1186 867 1228 929 rei

189 964 324 1040 publicae
337 959 609 1023 obvenerit-malo
617 958 696 1020 enim
706 961 748 1019 ita
761 978 851 1036 quam
859 971 977 1022 nostrae
985 959 1117 1035 ominari,
1128 980 1227 1038 neque

188 1077 288 1124 tamen
301 1065 340 1124 de
353 1072 462 1134 nostra,
473 1061 527 1120 sed
540 1061 579 1119 de
593 1059 675 1118 omni
694 1077 725 1118 re
738 1058 859 1136 publica
871 1058 1043 1138 disputo-,
1057 1059 1158 1120 danda
1173 1059 1229 1120 erit

185 1175 275 1232 opera
288 1166 325 1215 ut⁴
335 1153 439 1216 omnes
452 1154 633 1231 intellegant,
649 1154 674 1215 si
688 1156 760 1216 salvi
781 1176 847 1217 esse
863 1157 964 1231 velint,
978 1156 1146 1218 necessitati
1162 1176 1227 1218 esse

184 1253 356 1331 parendum.
378 1255 478 1329 Atque
492 1251 582 1312 etiam
596 1270 708 1324 omnes,
718 1252 769 1329 qui
779 1273 841 1314 rem
851 1253 1002 1330 publicam
1012 1254 1226 1330 gubernabunt,
1243 1284 1272 1318 ιο

210 1380 253 1431 qd,
271 1387 294 1420 ,0
307 1379 394 1439 ,mide
432 1349 585 1407 consulere
604 1348 765 1423 debebunt,
785 1359 818 1409 ut
836 1367 938 1408 earum
955 1368 1053 1409 rerum
1073 1349 1160 1425 copia
1179 1350 1225 1423 sit,

96 1470 97 1473 ¹
184 1430 220 1522 ,ῗξξ
233 1429 399 1522 ῗζξξξῇῗῃξζ
433 1464 510 1522 quae
524 1447 642 1506 suntad
652 1447 763 1507 victum
773 1446 964 1508 necessariae.
987 1448 1120 1522 Quarum
1131 1448 1226 1525 qualis

184 1531 259 1572 “³¹²²“
268 1531 353 1583 ΜΨ
434 1543 615 1620 comparatio
655 1543 719 1604 fieri
753 1545 847 1604 soleat
880 1555 911 1604 ct
944 1545 1060 1615 debeat,
1090 1564 1151 1605 non
1182 1557 1227 1606 est
1297 1571 1300 1577 ·

184 1659 306 1701 necesse
327 1639 491 1716 disputare;
511 1651 556 1705 est
576 1639 657 1701 enim
677 1641 709 1700 in
729 1651 884 1718 promptu:
906 1651 1021 1701 tanturn
1038 1642 1120 1700 locus
1141 1641 1227 1701 attin-

183 1739 296 1815 gendus
310 1737 372 1797 tuit.
1216 1761 1269 1811 ·15

207 1871 250 1920 μὴ,
268 1879 291 1913 ,0
304 1872 331 1912 ,κ
349 1872 394 1913 ,m
500 1852 544 1912 75.
587 1837 686 1913 Caput
700 1847 798 1897 autem
813 1846 857 1897 est
870 1835 902 1895 in
920 1834 1003 1896 omni
1021 1833 1225 1912 procuratione

182 1922 395 2015 Ἥξξῗζξζξξζ
433 1933 544 2009 negotii
562 1942 593 1992 et
611 1933 739 1994 muneris
753 1933 872 2010 publici,
888 1943 921 1992 ut
944 1932 1080 1993 avaritiae
1100 1932 1226 2008 pellatur

184 1985 394 2115 {fgglfflfsjssmffij
433 2027 523 2087 etiam
550 2028 672 2088 minima
699 2029 830 2106 suspitio.
876 2028 1033 2090 ‘Utinam'
1064 2027 1161 2104 inquit
1189 2027 1224 2088 C.

435 2124 559 2186 Pontius
582 2125 697 2185 Samnis
723 2128 779 2187 ‘ad
802 2126 853 2186 illa
876 2137 1010 2203 tempora
1032 2144 1081 2186 me
1108 2127 1225 2185 fortuna

180 2226 384 2289 reservavisset
403 2235 434 2285 et
450 2234 514 2284 tum
534 2241 630 2284 essem
649 2232 745 2291 natus,
761 2225 883 2299 quando
901 2224 1031 2285 Romani
1047 2227 1128 2287 dona
1148 2227 1222 2287 acci·
1238 2259 1270 2293 20

181 2345 250 2401 pere
264 2322 449 2398 coepissent!
476 2338 539 2380 non
552 2338 649 2380 essem
662 2337 766 2396 passus
780 2320 890 2381 diutius
905 2340 956 2381 eos
970 2320 1131 2399 imperare!
1173 2325 1221 2384 Ne

181 2421 221 2480 illi
236 2423 329 2479 multa
342 2419 459 2477 saecula
476 2417 659 2493 expectanda
675 2417 792 2476 suerunt
800 2439 809 2491 ;
830 2418 922 2476 modo
938 2417 1018 2476 enim
1035 2420 1091 2478 hoc
1109 2419 1221 2478 malum

180 2517 210 2576 in
225 2519 301 2575 hanc
314 2534 376 2575 rem
389 2511 538 2589 publicam
551 2511 665 2572 invasit
702 2514 808 2588 Itaque
825 2512 910 2573 facile
928 2513 1024 2589 patior
1041 2526 1104 2573 tum
1121 2514 1220 2591 potius

184 2618 322 2678 Pontium
341 2617 440 2690 fuisse,
455 2618 480 2677 si
501 2617 623 2694 quidem
644 2617 675 2677 in
695 2617 747 2678 illo
767 2628 883 2679 tantum
904 2617 958 2676 suit
978 2615 1099 2676 roboris.
1142 2617 1225 2674 Non·

183 2714 253 2771 dum
272 2725 392 2774 centum
411 2725 442 2774 et
461 2716 566 2774 decem
585 2713 655 2772 anni
674 2724 750 2786 sunt,
767 2733 835 2773 cum
850 2715 888 2774 de
904 2712 1037 2790 pecuniis
1052 2710 1223 2788 repetundis
1236 2737 1267 2786 ²5

209 2858 392 2906 Lawotenaror.
431 2813 495 2870 aL.
513 2810 621 2871 Pisone
635 2812 694 2871 lata
707 2813 754 2870 lex
769 2822 820 2884 est,
837 2812 918 2869 nulla
928 2821 1016 2870 antea
1029 2828 1098 2867 cum
1111 2807 1220 2867 suisset.

183 2909 250 2950 lowed
270 2910 299 2960 br
322 2909 393 2951 othess
429 2910 471 2967 At
491 2927 560 2968 vero
578 2918 682 2984 postea
702 2918 746 2967 tot
767 2901 846 2983 leges
864 2917 894 2967 et
914 2924 1074 2983 proxumae
1089 2922 1223 2980 quaeque

183 2973 239 3000 rnore
246 2973 325 3009 severe,
330 2959 393 3000 sailed

182 3009 394 3100 {chegggiqtllgegf
432 3004 571 3079 duriores,
588 3015 633 3064 tot
653 3004 704 3078 rei,
719 3016 764 3065 tot
785 3004 927 3077 damnati,
949 3014 1064 3063 tantum
1086 3001 1222 3061 Italicum

182 3109 218 3159 ins
231 3109 391 3168 01G0vr¹¹²0¹³2
430 3105 541 3164 bellum
568 3114 687 3180 propter
712 3103 888 3163 iudiciorum
915 3114 1028 3163 metum
1053 3101 1222 3174 excitatum,

182 3160 352 3252 i'stiiiimmve
372 3158 397 3200 οἱ
434 3209 517 3258 tanta
536 3197 656 3257 sublatis
672 3198 786 3274 legibus
804 3209 833 3258 et
847 3197 962 3257 iudiciis
977 3196 1115 3273 expilatio
1130 3193 1222 3276 direp
1236 3224 1268 3272 30

430 3295 532 3372 tioque
555 3295 712 3370 sociorum,
734 3307 767 3356 ut
790 3296 979 3357 inbecillitate
1004 3295 1136 3368 aliorum,
1160 3316 1222 3357 non

85 3397 166 3446 xxll
208 3391 395 3434 utsnsenexam-
432 3404 531 3453 nostra
544 3391 651 3453 virtute
664 3395 820 3454 valeamus.
852 3397 897 3467 76.
921 3392 1037 3452 Laudat
1049 3393 1221 3455 Africanum

182 3442 386 3494 presotsett-deniat

430 3488 594 3563 Panaetius,
612 3492 695 3565 quod
716 3490 802 3551 suerit
824 3491 982 3550 abstinens.
1026 3491 1141 3565 Quidni
1162 3493 1222 3552 lau·

231 3627 245 3678 7
266 3614 333 3663 malo
349 3617 415 3665 enim
430 3617 495 3665 codd.
514 3616 582 3666 malo
601 3617 668 3665 enim
685 3616 727 3666 alii
741 3618 783 3667 Ba
801 3633 833 3665 ex
850 3633 900 3666 uno
913 3617 1001 3665 codice:
1016 3617 1084 3666 malo
1103 3618 1170 3668 enim
1187 3618 1222 3669 ita

54 3684 351 4040 Ὗαπι.
390 3699 400 3754 ΙΙ
435 3697 451 3745 8
467 3705 563 3747 tantum
577 3697 620 3757 Or,
638 3698 718 3762 ‘quod
719 3704 863 3760 perversum
873 3704 916 3754 ert,
925 3712 981 3744 cum
991 3697 1034 3745 hoc
1046 3698 1126 3760 ipsum
1141 3700 1222 3749 Cicero

248 3840 252 3845 .
274 3774 339 3838 velr't,
355 3792 386 3826 ne
407 3777 436 3826 de
451 3793 497 3827 sua
515 3779 635 3841 republica
656 3778 733 3827 dicere
749 3785 867 3843 pretetur:
888 3777 996 3840 disputat
1016 3779 1082 3827 enim
1104 3779 1133 3828 de
1153 3783 1224 3830 omni

267 3851 309 3901 'a’
331 3855 380 3916 St,·
406 3864 488 3908 tamen
504 3858 567 3908 codd.
610 3861 620 3916 ΙΙ
668 3873 695 3907 rr
712 3858 848 3907 advictum
863 3859 904 3907 Ba
920 3858 1001 3906 Heius
1014 3875 1046 3907 ex
1061 3860 1140 3910 Bem.
1156 3876 1177 3910 c.
1188 3869 1218 3925 p,

242 3930 343 3985 &arm
348 3937 469 4004 plerisque
478 3938 544 3990 codd.
580 3941 591 3997 [Ι
627 3939 657 3989 28
675 3939 789 3990 Italicum
799 3939 843 3989 del.
857 3938 933 3996 Bake,
945 3939 997 3988 secl.
1007 3939 1049 3989 Ba
