2670 4296
203 222 246 282 ,⁶6
442 221 581 282 Homines
599 223 760 283 hominibus
779 225 903 282 maxime
921 225 1001 283 utr'les
1112 221 1245 304 [11v16
1290 308 1293 317 ,

207 386 286 449 victu
299 398 330 450 et
341 389 423 450 multu
437 388 617 450 bestiarum?
644 389 742 450 Urbes
755 409 824 450 vero
839 388 903 450 sine
916 389 1071 450 hominurn
1082 400 1169 450 coetu
1183 408 1244 450 non

205 484 370 563 potuissent
380 505 436 546 nec
449 485 596 546 aedificari
609 505 666 546 nec
680 486 865 563 frequentari,
875 506 911 547 ex
921 505 982 564 quo
995 488 1074 564 leges
1088 506 1244 564 moresque

205 699 278 758 quas
291 697 337 740 res
350 689 380 739 et
394 679 590 739 mansuetudo
603 679 770 739 animorum
784 690 943 740 consecuta
961 691 990 739 et
1003 680 1180 740 verecundia
1199 691 1250 754 est,

205 778 402 853 effectumque
414 786 448 836 ut
462 786 538 836 esset
548 774 608 835 vita
621 775 760 835 munitior
770 786 859 851 atque
873 786 905 834 ut
916 777 1016 835 dando
1030 786 1059 835 et
1068 775 1243 852 accipiendo
1272 799 1286 848 5

207 872 415 950 mutandisque
428 871 613 932 facultatibus
624 882 657 931 et
670 870 836 931 commodis
850 873 930 931 nulla
943 891 974 932 re
987 890 1146 948 egeremus.

171 974 194 1021 V
515 969 558 1026 16.
601 966 762 1044 Longiores
784 967 842 1026 hoc
865 968 933 1026 loco
957 985 1057 1028 sumus
1080 985 1169 1043 quam
1191 987 1240 1028 ne

205 1016 414 1118 ordiatirmiiffi
452 1083 534 1124 cesse
558 1075 609 1125 est.
653 1063 729 1138 Quis
752 1074 796 1124 est
820 1063 900 1124 enim
927 1063 976 1123 cui
999 1083 1059 1124 non
1086 1064 1240 1141 perspicua

204 1128 417 1259 ffimffitffi
454 1160 512 1221 sint
529 1160 586 1234 illa,
607 1179 684 1237 quae
703 1161 833 1238 pluribus
851 1160 947 1239 verbis
965 1181 984 1220 a
1002 1161 1142 1221 Panaetio
1161 1182 1241 1223 com-

205 1293 208 1298 ·
283 1231 298 1269 Ρ
361 1231 395 1268 ω’
451 1266 659 1329 memorantur,
680 1255 829 1317 neminem
849 1275 947 1332 neque
967 1256 1075 1317 ducem
1094 1257 1163 1317 belli
1184 1277 1239 1318 nec
1254 1284 1285 1320 10

204 1350 367 1428 principem
381 1351 464 1412 domi
482 1370 602 1428 magnas
620 1371 666 1412 res
680 1362 710 1412 et
724 1353 863 1412 salutares
881 1351 944 1411 sine
962 1351 1117 1413 hominurn
1135 1353 1240 1415 studiis

203 1466 302 1524 gerere
316 1446 468 1524 potuisse?
510 1449 767 1518 Commemoratur
781 1447 818 1507 ab
832 1467 869 1508 eo
883 1447 1098 1528 Themistocles
1113 1448 1238 1510 Pericles

203 1545 297 1620 Cyrus
311 1543 464 1622 Agesilaus
478 1544 653 1617 Alexander,
672 1562 747 1620 quos
766 1554 851 1620 negat
870 1543 933 1603 sine
951 1543 1128 1604 adiumentis
1146 1545 1240 1606 homi·

204 1658 277 1699 num
290 1650 386 1700 tantas
399 1659 445 1700 res
459 1640 573 1700 efficere
587 1638 725 1716 potuisse.
771 1639 871 1700 Utitur
889 1639 920 1698 in
933 1658 964 1700 re
983 1658 1043 1699 non
1058 1639 1148 1700 dubia
1161 1640 1238 1701 testi·

203 1772 288 1823 mg„
333 1773 410 1834 „gad
451 1735 507 1796 bus
521 1755 582 1795 non
596 1735 774 1796 necessariis.
804 1737 903 1811 Atque
916 1746 949 1794 ut
964 1755 1084 1812 magnas
1098 1735 1236 1798 utilitates
1252 1762 1280 1811 ¹⁵

202 1822 413 1924 Qss‘lsshelgoefftgf
451 1831 640 1908 adipiscimur
657 1830 873 1908 conspiratione
891 1831 1046 1891 hominum
1062 1844 1150 1909 atque
1168 1852 1237 1893 con·

202 1885 304 2013 2¹43?
318 1925 411 2025 2⁸3²ssss
451 1947 547 2000 sensu,
567 1927 609 1988 sic
623 1930 703 1988 nulla
716 1939 776 1988 tam
791 1927 971 1988 detestabilis
984 1927 1073 2005 pestis
1091 1940 1144 2002 est,
1159 1949 1235 2005 quae

202 2021 288 2065 “m
450 2044 511 2085 non
543 2023 657 2084 homini
690 2025 728 2084 ab
760 2024 880 2084 homine
912 2035 1054 2084 nascatur.
1097 2027 1150 2085 Est
1185 2027 1236 2086 Di·

202 2119 335 2180 caearchi
362 2119 436 2181 liber
461 2123 501 2182 de
529 2121 646 2182 interitu
674 2120 837 2194 hominum,
869 2120 1054 2197 Peripatetici
1080 2122 1178 2199 magni
1205 2135 1235 2184 et

201 2214 322 2291 copiosi,
344 2215 396 2292 qui
414 2216 545 2277 collectis
565 2216 669 2278 ceteris
689 2216 784 2276 causis
805 2215 948 2276 eluvionis
968 2215 1152 2292 pestilentiae
1173 2238 1235 2278 vas-
1247 2237 1279 2275 ro

201 2310 298 2384 titatis‚
314 2311 466 2372 beluarum
481 2311 570 2373 etiam
583 2312 751 2389 repentinae
766 2311 969 2384 multitudinis,
986 2330 1109 2387 quarum
1122 2312 1234 2389 impetu

201 2408 289 2468 docet
301 2409 448 2484 quaedam
462 2408 615 2469 hominum
629 2427 736 2485 genera
749 2427 813 2468 esse
828 2417 1010 2484 consumpta,
1031 2407 1138 2468 deinde
1155 2429 1234 2469 com-

200 2513 280 2579 parat
291 2514 402 2578 quanto
415 2504 513 2579 plures
524 2503 614 2564 deleti
627 2502 685 2563 sint
695 2503 830 2563 homines
840 2502 994 2563 hominum
1008 2501 1128 2579 impetu,
1144 2503 1176 2564 id
1189 2518 1233 2567 est

200 2599 283 2660 bellis
296 2609 347 2658 aut
361 2597 561 2672 seditionibus,
573 2619 663 2676 quam
675 2598 755 2657 omni
769 2599 880 2674 reliqua
894 2597 1066 2658 calamitate.
1092 2615 1135 2674 17.
1155 2602 1232 2662 Cum

199 2693 285 2772 igitur
302 2692 351 2752 hic
367 2694 449 2753 locus
463 2693 536 2753 nihil
553 2695 660 2755 habeat
681 2694 881 2768 dubitationis
903 2695 974 2770 quin
992 2695 1134 2755 homines·
1146 2696 1233 2772 pluri·
1245 2713 1275 2762 ²5

446 2809 528 2849 mum
542 2790 710 2851 hominibus
729 2801 758 2851 et
779 2790 890 2867 prosint
909 2803 938 2851 et
958 2791 1063 2864 obsint,
1083 2793 1232 2869 proprium

198 2869 408 2972 ,nffilffiffissfffissgss
444 2887 502 2946 hoc
510 2896 607 2946 statuo
621 2885 834 2946 essevirtutis
848 2887 1003 2946 conciliare
1013 2887 1126 2947 animos
1140 2888 1231 2948 homi-

198 2972 349 3061 ῗῆᾓυξξξζο
364 2971 410 3061 „fif
443 3003 516 3042 num
529 2993 559 3042 et
573 2984 612 3042 ad
625 3002 695 3042 usus
709 3002 777 3042 suos
791 2982 956 3060 adiungere.
992 2986 1104 3061 Itaque,
1111 3004 1186 3061 quae
1200 2986 1231 3045 in

199 3070 235 3111 ‘³¹⁸
266 3070 348 3112 ΜΗ
364 3071 407 3112 ²¹¹⁶
444 3080 530 3140 rebus
549 3079 686 3139 inanimis
705 3100 839 3157 quaeque
860 3080 890 3139 in
910 3078 976 3161 [usu
999 3079 1040 3162 et]
1060 3082 1232 3146 tractatione

199 3119 250 3161 frien
266 3119 312 3171 ship
323 3120 348 3160 of
359 3134 407 3162 rnen

198 3169 317 3259 ῑᾛξξξζῑ
328 3170 407 3261 {3¹22ss
443 3179 594 3238 beluarum
611 3179 685 3237 fiunt
699 3177 806 3238 utiliter
820 3179 861 3237 ad
877 3178 1030 3238 hominum
1047 3179 1145 3254 vitam,
1168 3181 1232 3241 arti·
1244 3204 1275 3254 30

196 3269 407 3361 a'dffifflffidw
443 3276 499 3335 bus
526 3294 562 3334 ea
588 3274 754 3335 tribuuntur
780 3275 918 3352 operosis,
949 3273 1102 3334 hominum
1132 3287 1232 3335 autem

441 3371 538 3432 studia
569 3372 614 3452 ad·
643 3369 902 3447 amplificationem
937 3381 1099 3429 nostrarum
1134 3389 1231 3430 rerum

193 3481 330 3550 prompta
345 3489 382 3531 ac
401 3480 501 3547 parata
522 3466 650 3526 virorum
675 3465 884 3544 praestantium
906 3465 1048 3542 sapientia
1075 3475 1104 3525 et
1125 3465 1230 3529 virtute

244 3626 263 3685 6
278 3634 459 3684 mutandis-et
467 3630 604 3681 commodis
612 3630 653 3678 Ba
661 3645 717 3676 cum
725 3627 952 3686 codd.;mutuandis
960 3627 1007 3677 sac.
1016 3636 1040 3678 et
1051 3629 1238 3678 commodandis

193 3716 306 3782 plerique
316 3715 367 3764 cdd.
376 3713 554 3776 postNonium
584 3714 593 3767 ΙΙ
627 3724 657 3758 ro
672 3709 739 3757 bello
750 3708 831 3756 Heine
846 3715 930 3756 contra
935 3709 1061 3772 plerosque
1072 3709 1135 3756 codd.
1166 3713 1176 3766 ΙΙ
1206 3722 1237 3773 29

197 3797 268 3846 verba
280 3811 324 3844 usu
335 3803 360 3844 et
370 3792 558 3842 absuntacodd.
573 3790 660 3853 antiq,
674 3788 759 3838 seclusi
767 3804 823 3836 cum
834 3789 875 3836 Ba
886 3789 967 3837 Heine
977 3789 1018 3838 Lu
1053 3793 1063 3846 ΙΙ
1094 3804 1124 3852 33
1140 3804 1237 3839 morum

197 3875 346 3943 praestantia
354 3871 631 3935 etvirtuteMadvagLu
633 3868 918 3934 probanteHeinio,vidc
926 3876 1173 3933 commentancxcgct.
