2670 4296
104 200 155 259 III
172 217 195 257 11
214 195 261 279 ιο]
360 227 362 232 “
425 200 583 275 propositio
603 202 646 258 rei
664 203 830 260 tractandae
1105 220 1182 287 99·

103 364 257 442 pissimum
278 376 322 424 est
339 365 570 426 dedecorantem
587 378 617 425 et
633 365 713 425 urbis
732 365 934 426 auctoritatem
955 377 985 426 et
1005 366 1142 444 magistri.

104 461 220 534 Quare
239 471 383 537 quantum
405 461 615 528 conitianimo
634 474 727 538 potes
743 473 888 537 quantum
907 462 1007 522 labore
1026 473 1146 522 conten-

103 557 239 617 dere—si·
262 557 396 617 discendi
423 559 506 618 labor
535 569 579 618 est
612 558 711 634 potius
739 576 829 633 quam
857 559 1144 634 voluptas-tantum

103 653 149 710 iac
168 664 200 711 ut
219 652 327 712 efficias
346 672 421 713 neve
442 653 610 713 committas
624 665 665 727 ut,
686 672 755 713 cum
770 652 871 712 omnia
885 652 1072 730 suppeditata
1085 652 1144 712 sint

102 748 227 821 anobis
243 761 306 810 tute
319 749 373 810 tibi
392 751 519 810 defuisse
535 751 659 810 videare.
702 751 761 810 Sed
779 752 853 810 haec
872 752 1030 810 hactenus:
1052 752 1144 810 multa
1172 778 1185 826 5

100 846 181 906 enim
200 865 287 922 saepe
308 848 347 906 ad
366 859 395 906 te
414 847 588 906 cohortandi
602 847 693 924 gratia
712 847 886 923 scripsimus.
915 848 1003 907 Nunc
1020 849 1058 908 ad
1077 847 1140 908 reli-

98 965 190 1023 quam
203 957 316 1021 partem
326 943 494 1021 propositae
509 943 661 1003 divisionis
675 955 860 1004 revertamur.

411 1059 437 1117 7.
480 1043 666 1102 Panaetius
681 1043 774 1120 igitur,
791 1044 842 1120 qui
856 1043 919 1105 sine
938 1044 1138 1106 controversia

123 1145 191 1187 Μὴ
211 1145 313 1187 aenean
351 1141 389 1200 de
404 1139 507 1200 officiis
518 1139 736 1199 accuratissime
747 1139 904 1216 disputavit
926 1160 1074 1217 quemque
1086 1161 1140 1202 nos

98 1196 309 1288 &gaainana-
327 1302 331 1309 ,
346 1237 529 1297 correctione
550 1238 680 1312 quadam
701 1236 833 1296 adhibita
846 1237 1033 1314 potissimum
1048 1237 1140 1299 secuti
1155 1265 1184 1298 10

98 1323 312 1416 „fi{3{”¹,„⁰b⁵,i,¹g
348 1358 458 1410 sumus,
475 1337 566 1397 tribus
580 1338 736 1414 generibus
749 1339 914 1414 propositis,
926 1338 957 1397 in
971 1338 1078 1414 quibus
1089 1340 1139 1399 de-

98 1425 207 1516 fflfffff‘
215 1425 311 1515 bfitssvc‘ssi‘!
348 1437 470 1497 liberare
480 1437 615 1496 homines
629 1449 658 1496 et
667 1440 832 1498 consultare
843 1439 881 1498 de
892 1438 989 1498 officio
1001 1440 1136 1512 solerent,

99 1527 158 1567 “¹⁶¹⁶
172 1525 215 1566 ‘md
229 1525 310 1575 ΒΨ·
347 1554 456 1607 -un0,
472 1554 541 1593 cum
561 1533 727 1594 dubitarent
742 1536 940 1596 honestumne
959 1535 990 1594 id
1009 1547 1086 1596 esset
1101 1537 1139 1599 de

98 1577 195 1626 diency.

97 1624 312 1727 geffifflff‘offi
349 1651 409 1707 quo
420 1643 552 1709 ageretur
563 1651 599 1691 an
612 1642 704 1708 turpe,
720 1635 820 1705 altero,
835 1633 944 1694 utilene
959 1645 1036 1694 esset
1047 1655 1085 1693 an
1097 1634 1139 1693 in·

98 1726 141 1824 2322,
160 1736 311 1823 &223¹ssss
349 1729 429 1800 utile,
445 1727 539 1800 terti0,
554 1727 579 1786 si
593 1726 631 1796 id,
639 1729 720 1803 quod
734 1728 863 1804 speciem
878 1731 997 1790 haberet
1011 1730 1137 1803 honesti,
1152 1747 1180 1794 Ῑ5

98 1826 312 1928 {fissssssssgfly’ffl‘
350 1833 491 1900 pugnaret
502 1842 571 1881 cum
582 1843 618 1882 eo
630 1826 713 1899 quod
726 1824 796 1884 utile
811 1825 965 1899 videretur,
977 1827 1139 1902 quomodo

349 1940 385 1980 ea
413 1919 539 1980 discerni
568 1933 714 1997 oporteret
723 1922 808 1981 :-de
838 1921 955 1982 duobus
984 1922 1139 1998 generibus

97 2015 197 2091 primis
209 2015 299 2075 tribus
311 2016 391 2076 libris
404 2016 568 2092 explicavit,
582 2018 619 2076 de
629 2017 714 2077 tertio
722 2030 822 2077 autem
831 2037 937 2095 genere
952 2017 1092 2094 deinceps
1106 2038 1138 2079 se

97 2112 211 2189 scripsit
230 2113 376 2172 dicturum
390 2133 445 2174 nec
460 2113 584 2174 exsolvit
598 2114 638 2186 id,
653 2116 737 2190 quod
754 2115 933 2191 promiserat
985 2117 1012 2175 8.
1046 2114 1137 2189 Quod

94 2229 131 2269 eo
152 2209 243 2287 magis
265 2210 362 2283 miror,
378 2210 447 2286 quia
469 2210 610 2287 scriptum
625 2231 642 2272 a
657 2211 802 2288 discipulo
823 2211 886 2271 eius
906 2210 1068 2271 Posidonio
1082 2222 1134 2290 est,
1150 2230 1181 2263 20

94 2306 210 2383 triginta
230 2307 315 2365 annis
335 2306 441 2366 vixisse
464 2307 638 2366 Panaetium
658 2318 762 2383 postea
782 2326 872 2383 quam
886 2306 951 2366 illos
965 2306 1055 2368 libros
1076 2305 1136 2368 edi·

94 2403 192 2463 disset
236 2405 335 2478 Quem
356 2405 455 2463 locum
476 2404 565 2463 miror
578 2424 597 2462 a
611 2398 773 2463 Posidonio
794 2403 919 2464 breviter
938 2423 1002 2466 esse
1023 2416 1135 2466 tactum

93 2500 124 2558 in
136 2500 323 2576 ·quibusdam
343 2499 571 2570 commentariis,
593 2500 764 2576 praesertim
791 2520 860 2559 cum
888 2501 994 2562 scribat
1021 2504 1135 2562 nullum

93 2616 156 2656 esse
171 2599 270 2656 locum
284 2595 315 2654 in
330 2607 392 2656 tota
405 2595 593 2672 philosophia
607 2607 668 2658 tam
688 2597 892 2658 necessarium.
951 2618 976 2675 9.
1008 2597 1134 2658 Minime

93 2713 162 2752 vero
183 2692 326 2752 assentior
347 2692 390 2763 iis,
413 2692 464 2768 qui
485 2704 593 2770 negant
614 2714 684 2753 eum
704 2697 804 2756 locum
817 2715 836 2755 a
850 2695 990 2756 Panaetio
1011 2706 1133 2771 praeter·
1148 2711 1177 2758 ²5

93 2789 223 2860 missum,
239 2791 292 2847 sed
307 2790 444 2847 consulto
466 2789 600 2848 relictum
627 2810 682 2848 nec
696 2790 819 2849 omnino
834 2790 1021 2850 scribendum
1035 2790 1133 2863 fuisse,

93 2884 163 2959 quia
177 2905 329 2961 nunquam
344 2897 444 2960 posset
455 2885 567 2945 utilitas
581 2905 650 2944 cum
664 2887 818 2947 honestate
832 2902 968 2962 pugnare.
1012 2889 1060 2946 De
1074 2905 1134 2962 quo
1149 2894 1154 2903 ‘

92 2984 216 3041 alterum
233 2993 331 3058 potest
350 2982 458 3041 habere
478 2981 703 3054 dubitationem,
717 2982 958 3044 adhibendumne
977 2982 1062 3044 fuerit
1075 2984 1133 3045 hoc

92 3097 193 3155 genus,
209 3078 292 3153 quod
312 3076 343 3136 in
365 3076 510 3136 divisione
532 3077 664 3136 Panaetii
678 3077 795 3137 tertium
816 3089 869 3150 est,
884 3097 922 3138 an
942 3080 1029 3154 plane
1051 3079 1134 3144 omit-

93 3175 225 3245 tendum,
241 3175 364 3232 alterum
386 3173 512 3232 dubitari
534 3192 595 3231 non
616 3185 721 3248 potest,
737 3173 809 3248 quin
823 3194 842 3233 a
856 3174 998 3234 Panaetio
1018 3195 1132 3252 suscep·
1146 3192 1177 3239 30

93 3284 157 3330 tum
178 3271 223 3343 sit,
245 3272 298 3331 sed
318 3270 462 3331 relictum.
503 3273 582 3328 Nam
610 3270 661 3345 qui
685 3289 702 3330 e
726 3270 870 3332 divisione
893 3271 1036 3348 tripertita
1057 3273 1132 3332 duas

92 3378 188 3444 partes
207 3367 371 3439 absolverit,
395 3367 463 3426 huic
485 3385 606 3427 necesse
626 3377 669 3426 est
691 3378 798 3429 restare
820 3366 943 3426 tertiam.
978 3370 1132 3431 Praeterea

89 3463 121 3523 in
135 3475 266 3524 extremo
277 3463 351 3523 libro
366 3463 451 3524 tertio
466 3464 503 3522 de
518 3464 574 3521 hac
587 3474 670 3539 parte
689 3463 843 3539 pollicetur
861 3483 893 3526 se
912 3463 1053 3542 deinceps
1066 3485 1131 3527 esse

90 3562 244 3621 dicturum.
311 3581 354 3618 10.
398 3559 524 3620 Accedit
547 3561 656 3618 eodem
680 3559 761 3619 testis
786 3561 917 3636 locuples
943 3560 1129 3634 Posidonius,

89 3658 140 3735 qui
161 3658 250 3718 etiam
271 3657 370 3718 scribit
390 3657 420 3716 in
441 3658 570 3733 quadam
591 3656 715 3733 epistola
740 3659 771 3715 P.
789 3658 932 3717 Rutilium
956 3660 1068 3723 Rufum
1089 3660 1130 3718 di·
1145 3675 1173 3723 35

88 3775 155 3815 cere
169 3758 271 3828 solere,
287 3754 338 3832 qui
361 3753 533 3812 Panaetium
555 3753 695 3827 audierat,
712 3765 744 3814 ut
766 3774 854 3814 nemo
876 3755 971 3832 pictor
991 3768 1069 3817 esset
1088 3757 1130 3816 in-

88 3864 201 3928 ventus,
218 3852 268 3928 qui
290 3853 319 3911 in
341 3854 405 3912 Coa
426 3853 541 3912 Venere
556 3871 621 3911 earn
634 3864 757 3929 partem,
773 3872 862 3929 quam
878 3855 998 3930 Apelles
1012 3853 1131 3919 inchoa·

985 3982 1070 4041 '1-2
