2670 4296
353 219 504 329 Notas
541 221 662 280 BooscI
683 221 923 298 cx1ffi33-'35
1102 228 1157 301 169

521 427 693 478 CHAPTER
709 427 749 478 XI

169 540 188 586 1.
205 542 242 586 ιι.
275 539 410 599 adversus]
422 539 470 604 i.q.
481 553 546 602 ergo,
562 539 680 588 ‘towards
688 536 703 587 τ’
714 541 727 599 5
738 553 767 600 41
783 539 923 588 adversus
933 537 1029 604 infimus
1039 538 1158 590 iustitiam

121 617 169 651 esse
177 604 330 658 seruandam,
344 606 356 661 5
368 603 397 666 98
409 603 608 667 quemadmodum
623 619 667 651 nos
683 604 824 653 adversus
838 604 947 653 domines
958 619 1082 668 geramus,
1101 607 1158 670 §99

122 667 258 716 adhiberedu
267 674 302 716 est
311 667 428 731 quaedam
440 670 570 717 reuermtia
581 669 721 718 adversus
731 668 849 727 homines.

169 751 199 794 Ρ.
223 752 267 807 ts,
286 750 304 796 t
324 752 346 796 1.
368 748 459 808 atque]
472 745 620 796 ‘orrathen’
653 748 751 812 Atque
768 763 849 797 serves
864 756 891 797 to
907 748 1009 812 amplify
1021 764 1048 798 or
1066 756 1159 799 correct

122 826 138 858 a
154 812 287 876 preceding
301 812 405 872 remark,
419 812 515 875 usually
525 812 585 861 with
600 811 657 861 adeo
672 813 768 872 added3
784 829 811 861 as
824 828 864 876 ep.
878 813 910 862 ad
926 813 981 862 iam.
1003 825 1033 861 tx
1048 827 1083 876 15,
1099 829 1112 877 3
1124 821 1160 863 est

71 925 83 939 „
122 875 151 922 id
165 877 261 939 quidem
277 892 395 940 magnum
411 885 499 940 atque
515 877 581 925 haud
597 877 645 925 scio
660 893 694 925 on
711 877 860 925 maximum.
892 880 964 926 haud
978 881 1031 926 suto
1047 878 1093 938 an]
1109 878 1158 943 i.q.

115 939 227 1003 fortasse.
260 941 308 1005 Cp.
324 940 363 989 ior
378 941 420 990 the
435 941 566 990 sentiment
583 942 655 989 Plato
672 942 748 1005 Gorg.
759 957 785 1004 p.
799 954 843 1002 525
856 941 889 990 b:
910 944 1023 1003 προσήκει
1041 944 1067 990 δὲ
1084 945 1158 991 rauel

121 1001 157 1064 τῷ
183 1006 208 1053 ἐν
227 1006 327 1068 τιμωρίᾳ
347 1001 401 1053 ὅντι
422 1003 461 1053 tltr’
482 1008 560 1054 tutos
581 1003 653 1065 dulcis
674 1007 844 1068 τιμωρουμένῳ,
867 1005 883 1065 ἥ
904 1008 1010 1066 βελτίονι
1031 1008 1159 1067 γίγνεσθαι

123 1069 162 1116 καί
183 1065 311 1126 ὀνίνασθαι,
331 1067 347 1129 ἦ
369 1067 520 1131 παράδειγμά
540 1087 564 1117 τι
585 1072 634 1118 τοῖς
649 1068 732 1120 ἅλλοις
750 1073 943 1131 γίγνεσθαι-ινα
958 1069 1036 1126 ἄλλοι,
1060 1071 1158 1132 ὁρῶντες

123 1130 251 1194 πάσχοντα
268 1135 284 1182 d
299 1133 329 1182 dr
338 1135 432 1195 τιίσχῃ,
446 1134 585 1197 φοβούμενοι
596 1136 705 1197 βελτίους
714 1135 852 1196 γίγνωνται,
867 1135 961 1184 Seneca
971 1135 1003 1182 de
1014 1135 1084 1183 clem.
1102 1149 1112 1183 1
1127 1151 1157 1184 ss

121 1204 167 1244 aut
182 1204 212 1245 ut
226 1214 281 1246 esem
292 1214 363 1262 quem
375 1199 455 1262 punit
465 1199 578 1255 emendet,
594 1205 640 1247 aut
656 1206 685 1247 ut
695 1206 774 1262 poeno
785 1199 837 1247 eius
847 1206 931 1248 ceteros
945 1199 1053 1248 meliores
1064 1200 1155 1259 reddat,

119 1268 168 1310 aut
177 1269 207 1309 ut
216 1263 319 1310 sublatis
329 1263 403 1312 malis
412 1264 539 1312 securiores
549 1264 620 1312 ceteri
631 1264 723 1312 uiuant.

114 1386 117 1391 ,
168 1345 221 1391 Μ.
250 1354 284 1391 no
298 1346 362 1398 quid
374 1346 429 1392 tale
443 1342 562 1402 uastum]
583 1343 726 1391 sosaciat.
750 1343 900 1390 Acommon
911 1343 998 1405 ellipse
1008 1343 1033 1390 in
1044 1342 1158 1406 ordinary

108 1405 110 1409 ’
122 1405 248 1464 formulae,
258 1408 388 1471 especially
397 1407 457 1456 aster
466 1407 583 1456 adverbs:
592 1423 639 1470 eg.
648 1409 661 1466 8
669 1407 698 1454 82
708 1423 739 1454 ne
746 1407 809 1470 qnid
813 1414 903 1466 temere,
915 1424 946 1456 ne
952 1408 1015 1470 quid
1019 1408 1154 1466 crudeliter,

123 1486 168 1534 pro
188 1471 270 1535 Ligar.
288 1473 301 1530 5
319 1487 350 1534 3ο
365 1472 389 1519 si
401 1487 519 1584 umquam
530 1471 637 1535 posthae,
657 1472 755 1520 Terent.
777 1472 878 1520 Phorco.
898 1487 918 1530 1,
939 1488 961 1528 a,
979 1486 1008 1538 9²
1021 1473 1121 1535 posthac
1134 1472 1160 1520 si

121 1536 260 1599 quicquam.
293 1536 459 1600 Cp.11§3.

170 1615 244 1674 584,
258 1619 276 1663 1.
288 1621 311 1663 4.
344 1616 539 1677 mrspuuuea]
568 1616 608 1664 ‘in
621 1616 662 1665 the
674 1631 730 1665 case
741 1615 865 1665 ofastate
881 1615 907 1664 in
924 1615 955 1665 its
972 1615 1080 1664 extemal
1096 1615 1158 1666 rela-

121 1679 203 1737 tions‚'
220 1696 295 1728 seen.
308 1687 334 1729 ιο
345 1682 358 1739 ἓ
370 1693 408 1743 33,
422 1681 439 1728 1.
452 1697 491 1731 ao.

168 1762 188 1807 l.
201 1764 223 1808 8.
255 1772 303 1818 per
319 1760 543 1820 suceptattonem]
566 1765 572 1788 ⁸
578 1759 680 1825 judicial
693 1761 828 1810 discussion
840 1760 869 1809 oi
876 1777 891 1808 a
902 1760 1015 1809 doubtful
1026 1754 1156 1824 question?

97 1832 100 1840 '
123 1823 213 1887 Comp.
224 1827 238 1884 ἓ
250 1839 287 1885 50,
307 1840 352 1889 pro
364 1825 463 1873 Plancio
474 1828 487 1885 ἕ
499 1828 528 1888 87
540 1827 582 1874 sed
594 1825 654 1874 erat
664 1842 713 1874 uon
730 1827 791 1886 iure,
811 1841 860 1873 nou
876 1825 972 1888 legibus,
989 1841 1039 1872 non
1055 1824 1158 1888 discep-

122 1889 210 1938 tando
225 1890 504 1938 decertandum-armis
512 1890 570 1952 suit
583 1890 760 1938 dimicandum.
804 1889 839 1938 So
856 1889 882 1937 in
899 1890 952 1938 Liv.
968 1901 1020 1937 V111
1038 1905 1067 1951 23
1084 1889 1157 1938 when

122 1952 165 2002 the
182 1954 278 2002 Roman
294 1953 375 2017 legate
391 1954 478 2002 invites
495 1955 536 2002 the
554 1955 676 2004 Samnites
692 1954 728 2002 ad
746 1953 975 2018 disceptandum
998 1953 1081 2002 before
1097 1969 1157 2002 cous·

122 2033 208 2066 munes
222 2019 280 2066 socii
293 2025 366 2082 atque
380 2019 460 2078 amici,
480 2018 522 2067 the
536 2035 630 2068 answer
644 2020 675 2068 he
690 2019 796 2067 receives
812 2018 833 2066 is
849 2025 932 2065 nostra
948 2017 1090 2076 certamino,
1109 2019 1157 2066 Ro·

121 2083 199 2141 mani,
213 2098 262 2130 non
273 2083 345 2130 verba
358 2082 491 2144 legatorum
507 2098 549 2131 uec
562 2084 691 2131 homiuum
705 2082 834 2146 quisquam
851 2082 1028 2144 disceptator
1041 2083 1083 2129 s‘ed
1096 2097 1157 2130 com·

122 2147 207 2194 munis
217 2147 291 2194 Mars
301 2146 356 2195 belli
364 2148 485 2203 decernet,·
500 2147 533 2195 ib.
548 2158 641 2195 xxv111
653 2163 681 2195 ar
698 2147 809 2210 quidam,
825 2162 887 2210 quas
902 2145 1088 2208 disceptando
1104 2161 1157 2194 con·

121 2211 251 2259 demersius
257 2211 338 2274 finire
349 2211 493 2274 nequierant
501 2218 546 2259 out
555 2212 692 2269 noluerant,
706 2211 778 2275 ferro
788 2211 962 2269 decreverunt;
978 2211 1012 2258 ib.
1024 2220 1114 2258 xxxiv
1125 2208 1156 2260 62

121 2276 166 2339 qui
175 2276 242 2324 inter
247 2276 367 2339 populum
378 2282 401 2323 et
411 2291 488 2338 regem
502 2276 727 2338 Carthaginiensem
739 2276 766 2323 in
778 2291 804 2323 re
810 2276 935 2338 praesenti
945 2274 1150 2337 disceptarent.

167 2358 188 2403 1.
209 2361 231 2405 8.
267 2360 291 2404 st
311 2359 353 2405 uit
376 2368 429 2404 non
449 2359 512 2403 lieet
533 2355 677 2415 superlore]
699 2371 739 2418 cp.
762 2355 815 2404 Liv.
840 2367 870 2402 rx
896 2353 1017 2414 r'(where
1039 2354 1069 2402 C.
1093 2353 1157 2403 Pon·

121 2419 169 2468 tius
180 2421 222 2470 the
234 2421 343 2469 Samnite
358 2420 379 2468 is
393 2420 522 2484 speaking)
535 2421 628 2468 iustum
643 2426 677 2468 est
692 2421 785 2478 bellum,
799 2420 888 2483 quidus
898 2419 1066 2479 necessarium,
1080 2424 1104 2466 et
1111 2419 1157 2483 pia

120 2500 200 2545 arma,
213 2486 300 2548 quibus
309 2485 382 2533 nullu
393 2485 445 2532 nisi
454 2485 482 2532 iu
492 2485 571 2533 armis
582 2485 735 2549 relinquitur
743 2491 802 2548 spes.

168 2567 242 2624 888,
259 2568 277 2614 1.
288 2570 328 2613 1⁰.
360 2569 390 2613 ln
405 2577 469 2623 pace
485 2566 602 2626 vivatur]
633 2568 690 2626 §80
706 2566 743 2613 ita
757 2571 788 2613 ut
799 2565 867 2626 nihil
875 2564 948 2614 aliud
959 2564 1012 2613 nisi
1022 2571 1156 2628 paxquoe·

120 2629 168 2677 sita
186 2630 304 2678 ue'deatur.
338 2629 388 2679 Sed
407 2630 551 2693 plerumque
567 2638 623 2693 pau
643 2630 701 2679 bello
715 2631 822 2692 paritur
838 2646 888 2678 non
906 2630 956 2678 alia
974 2629 1022 2677 nisi
1040 2629 1153 2691 sepulcri.

123 2693 225 2742 Utinam
241 2694 304 2742 hanc
321 2695 353 2742 ob
369 2710 468 2743 causam
484 2710 569 2743 omnes
585 2695 670 2759 populi
686 2702 766 2743 essent
784 2694 951 2757 Quaquerii
985 2694 1025 2742 Cf.
1041 2694 1112 2742 Plato
1124 2694 1156 2742 de

120 2757 168 2821 leg.
183 2770 229 2822 rp.
244 2757 290 2807 628
301 2773 322 2817 e,
338 2759 414 2808 Arist.
429 2759 482 2808 Pol.
496 2770 537 2807 v11
553 2775 581 2818 14
593 2775 616 2823 p.
630 2774 687 2822 454,
699 2759 758 2807 Eth.
771 2759 827 2808 Nic„
842 2770 861 2805 x
874 2771 895 2820 7,
911 2773 949 2808 ao.
984 2769 1067 2806 sumn

166 2841 186 2886 1.
198 2843 236 2886 12.
268 2839 406 2899 mmanss]
439 2855 479 2889 see
490 2855 516 2888 n.
528 2847 554 2888 to
565 2842 578 2899 ἕ
591 2851 628 2901 57.

168 2922 186 2969 l.
201 2925 238 2969 18.
272 2921 441 2981 montanos]
458 2921 618 2970 Tusculum
629 2936 680 2970 was
691 2920 732 2969 the
741 2920 820 2969 oldest
829 2917 992 2982 municipium
1000 2917 1026 2966 iu
1037 2917 1110 2982 Italy,
1124 2917 1155 2969 its

119 2983 197 3034 entire
208 2985 353 3048 population
363 3001 413 3034 was
424 2986 543 3034 admitted
555 2994 581 3034 to
592 2985 634 3033 the
648 2985 734 3032 ciuitas
746 2985 859 3033 Romana
871 2995 920 3032 nc.
935 2985 990 3043 381,
1004 2983 1059 3031 Liv.
1071 2993 1100 3030 v1
1114 2981 1153 3042 26,

119 3060 174 3097 v111
195 3064 231 3110 14,
253 3050 368 3098 Plutarch
385 3050 483 3098 Camill.
505 3065 526 3098 c.
546 3050 583 3112 38.
618 3048 729 3108 Aequos]
746 3049 802 3097 Liv.
820 3059 850 3096 tx
867 3063 897 3110 45
917 3062 996 3095 unum
1012 3053 1035 3096 et
1051 3047 1155 3110 triginta

119 3114 395 3178 oppida-oppugnando
405 3121 523 3177 ceperunt,
536 3129 640 3177 quorum
647 3113 763 3176 pleraque
772 3113 857 3161 diruta
868 3118 895 3159 at
950 3111 1047 3159 incensa
1058 3127 1155 3160 nomen·

136 3180 341 3242 ueAequorum
351 3178 473 3242 propeod
486 3179 667 3226 interrucionem
677 3177 787 3225 deletum.
820 3176 883 3225 This
926 3176 1085 3240 ppenednc.
1098 3190 1154 3239 304.

155 3251 243 3292 ernust
253 3258 359 3306 suppose
369 3244 424 3291 that
433 3244 501 3292 there
512 3258 562 3292 was
573 3257 588 3290 a
602 3249 721 3302 temnant,
735 3241 792 3290 who
803 3257 866 3290 were
881 3240 1002 3289 admitted
1012 3247 1038 3290 to
1049 3239 1091 3289 the
1106 3240 1155 3304 pti·

119 3308 211 3372 vileges
221 3306 249 3355 of
257 3308 355 3355 Roman
366 3308 472 3356 citizens.

163 3391 277 3464 dolosos,
289 3387 406 3447 Sabinos]
428 3387 483 3462 'l’he
496 3386 620 3436 Sabines
628 3401 692 3435 were
704 3386 824 3435 admitted
835 3391 862 3435 to
872 3383 987 3496 apartial
997 3383 1083 3432 civitas
1092 3383 1155 3434 alter

119 3453 183 3502 therr
192 3451 273 3500 deleat
285 3453 318 3515 by
329 3450 374 3499 Μ’.
387 3452 483 3511 Currus,
498 3463 547 3500 tuo
562 3467 609 3518 290
621 3450 695 3514 (Veli.
709 3452 826 3499 Paterc.1
842 3464 878 3511 14,
907 3448 916 3512 )
931 3449 980 3497 and
995 3456 1022 3497 to
1031 3450 1075 3497 the
1088 3463 1156 3496 com-

119 3518 185 3581 plete
195 3516 315 3590 iranclrise
327 3528 377 3564 luc.
391 3514 445 3590 ι68.Ι
480 3517 505 3564 Α
515 3522 570 3590 part
581 3514 610 3563 os
619 3517 660 3565 the
672 3515 837 3573 Volsciaus,
851 3530 878 3589 as
889 3513 931 3562 the
942 3513 1032 3578 people
1042 3512 1072 3561 of
1079 3512 1154 3576 Arpi·

118 3597 186 3641 num,
205 3581 321 3629 obtamed
337 3579 379 3629 the
394 3580 482 3628 civitas
496 3595 551 3628 sine
563 3579 642 3642 suffra
664 3580 669 3592 ‘
697 3592 747 3628 tue.
760 3592 806 3641 303
826 3578 890 3640 (Lrv.
905 3589 924 3626 x
938 3575 968 3640 ι),
986 3577 1035 3625 and
1051 3577 1093 3625 the
1108 3577 1154 3626 full

118 3644 727 3772 ltltllittttlltttlnt?lesum
735 3641 1154 3772 tudinium:

121 3773 200 3822 Cuius
216 3775 359 3822 auctoritate
372 3780 396 3822 et
410 3773 516 3835 exemplo
531 3787 667 3836 numquam
681 3779 716 3821 est
731 3771 871 3821 intermissa
887 3787 903 3819 a
918 3771 1050 3819 maioribus
1065 3769 1155 3819 nastris

117 3837 216 3901 largitio
225 3844 250 3886 et
257 3838 441 3886 communicatio
446 3836 560 3886 civetatis.
582 3837 669 3900 Itaque
678 3843 702 3885 et
710 3852 740 3885 ex
749 3836 823 3886 Latio
832 3835 909 3883 multi
917 3841 940 3884 et
954 3834 1120 3885 Tusculani
1127 3837 1155 3885 et

116 3902 251 3953 Lanuvini
265 3902 414 3962 etex-reterri
426 3901 645 3979 germinamus
658 3900 789 3964 universae
802 3900 830 3950 in
840 3897 962 3962 ciuitatem
972 3905 1032 3963 suut
1040 3908 1156 3966 receptae„
