2670 4296
126 146 229 204 11v111
247 142 295 226 26]
469 152 497 203 et
514 145 653 205 contrario
671 146 731 204 eius
750 151 824 204 metu
1127 145 1166 220 69

124 311 216 372 teneri
237 332 297 372 non
318 325 455 390 possunt:
476 313 610 390 quivero
629 313 659 372 in
674 312 765 374 libera
778 312 895 374 civitate
912 313 953 373 ita
969 333 1001 374 se
1015 311 1163 374 instruunt

125 421 159 468 ut
172 421 346 484 metuantur,
367 411 401 469 iis
420 410 492 469 nihil
510 421 607 486 potest
625 429 689 489 esse
703 408 877 470 dementIus.
922 409 1064 484 Quamvis
1084 409 1164 471 eninr

126 503 184 564 sint
204 506 355 566 demersae
376 509 455 583 leges
475 507 597 566 alicuius
619 505 733 582 opibus,
756 505 890 581 quamvis
910 504 1059 565 timefacta
1081 505 1165 567 liber-

110 612 179 681 taS,
207 614 360 679 emergunt
382 614 481 662 tamen
502 603 575 662 haec
596 601 758 679 aliquando
783 612 834 661 aut
855 600 971 662 iudiciis
996 602 1092 663 tacitis
1112 615 1163 663 aut

126 697 248 757 occultis
273 700 310 758 de
335 700 448 758 honore
472 697 623 776 suffragiis.
666 697 802 758 Acriores
830 709 930 758 autem
954 718 1069 759 morsus
1096 711 1165 764 sunt
1196 712 1210 760 5

126 794 307 857 intermissae
328 798 467 858 libertatis
490 818 579 876 quam
602 809 740 859 retentae.
786 799 878 873 Quod
906 798 992 877 igitur
1015 799 1165 861 latissume

126 904 207 970 patet
229 914 326 971 neque
349 897 388 955 ad
410 896 644 956 incolumitatem
669 898 775 968 solum,
789 897 843 956 sed
866 896 956 956 etiam
980 899 1019 957 ad
1043 917 1116 975 opes
1136 911 1167 960 et

127 993 290 1066 potentiam
310 996 388 1054 valet
412 995 579 1072 plurimum,
608 995 640 1053 id
661 996 881 1071 amplectamur,
904 1008 938 1055 ut
960 1007 1056 1056 metus
1080 994 1165 1069 absit,

127 1087 230 1147 caritas
251 1089 415 1149 retineatur.
459 1093 506 1149 Ita
526 1090 663 1148 facillime
684 1108 760 1166 quae
781 1092 915 1150 volemus
939 1102 969 1151 et
992 1090 1111 1168 privatis
1134 1089 1166 1149 in

126 1184 214 1243 rebus
234 1197 264 1244 et
284 1185 315 1244 in
336 1207 366 1245 re
387 1187 505 1262 publica
525 1206 750 1263 consequemur.
793 1187 913 1247 Etenim
940 1188 992 1265 qui
1018 1208 1051 1248 se
1074 1186 1211 1248 metuito

126 1282 235 1355 volent,
255 1301 273 1340 a
292 1282 398 1358 quibus
415 1294 592 1356 metuentur,
612 1284 733 1342 eosdem
753 1294 886 1343 metuant
903 1283 959 1362 ipsi
976 1303 1096 1344 necesse
1111 1294 1164 1344 est.

126 1425 150 1452 a,
163 1412 210 1452 ΜΠ
227 1413 336 1455 ,s„„,„,
377 1397 421 1457 ²5·
474 1379 556 1456 Quid
584 1379 664 1439 enirn
692 1399 847 1440 censemus
875 1380 1055 1457 superiorem
1082 1379 1166 1439 illum

126 1463 281 1515 dffll‘m’
377 1476 563 1554 Dionysium,
575 1496 635 1552 quo
657 1475 787 1536 cmciatu
808 1476 920 1538 timoris
943 1477 1012 1554 angi
1036 1476 1164 1548 solitum,

126 1571 178 1647 qui
192 1575 300 1632 cultros
318 1585 453 1633 metuens
473 1573 619 1632 tonsorios
636 1574 782 1632 candente
801 1573 930 1634 carbone
949 1574 1005 1634 sibi
1023 1575 1165 1635 adurebat

125 1668 286 1744 capillum?
318 1669 391 1746 quid
418 1670 619 1728 Alexandrum
647 1670 819 1743 Pheraeum,
840 1688 900 1746 quo
928 1669 1028 1730 animo
1059 1669 1165 1731 vixisse
1181 1687 1207 1736 15

70 1760 71 1763 ’
125 1765 317 1826 arbitramur?
345 1765 403 1843 qui,
426 1777 458 1825 ut
480 1765 620 1842 scripturn
640 1766 771 1851 legimus,
797 1786 867 1826 cum
894 1786 1016 1826 uxorem
1040 1766 1165 1826 Theben

125 1861 287 1921 admodum
314 1863 455 1939 diligeret,
479 1873 578 1922 tamen
606 1863 735 1922 adeam
760 1881 799 1921 ex
823 1861 917 1939 epulis
942 1862 973 1921 in
995 1861 1164 1922 cubiculum

124 1957 245 2017 veniens
266 1959 421 2018 barbarum
441 1969 471 2018 et
492 1978 561 2018 eum
582 1958 713 2035 quidem,
731 1968 763 2018 ut
777 1958 917 2035 scriptum
936 1969 989 2031 est,
1005 1977 1165 2036 compunc-

125 2064 188 2113 tum
210 2054 287 2114 notis
295 2056 444 2116 Thraeciis
455 2055 594 2114 destricto
615 2054 713 2131 gladio
733 2053 854 2114 iubebat
873 2053 990 2132 anteire,
999 2054 1163 2131 praemitte-

125 2148 234 2225 batque
249 2152 286 2209 de
306 2150 494 2226 stipatoribus
513 2150 573 2209 suis
588 2149 640 2225 qui
659 2160 853 2209 scrutarentur
871 2151 985 2209 arculas
1006 2150 1162 2212 muliebres
1176 2168 1206 2203 20

124 2255 154 2304 et
178 2265 215 2305 ne
230 2247 312 2322 quod
326 2245 357 2304 in
371 2245 552 2305 vestimentis
567 2247 667 2305 telum⁴
678 2246 873 2305 occultaretur
898 2245 1090 2322 exquirerent
1132 2249 1161 2308 0

124 2334 271 2414 miserum,
300 2341 351 2417 qui
379 2341 542 2400 fideliorem
564 2353 594 2401 et
617 2341 773 2410 barbarum
800 2352 830 2400 et
852 2340 1028 2418 stigmatiam
1047 2352 1163 2418 putaret

123 2456 213 2512 quam
240 2437 414 2513 coniugem!
456 2438 522 2496 Nec
549 2456 618 2495 eum
645 2435 763 2496 fefellit:
792 2437 830 2495 ab
857 2455 894 2495 ea
920 2448 964 2497 est
991 2436 1072 2496 enim
1097 2436 1162 2514 ipsa

123 2545 242 2609 propter
258 2533 417 2609 paelicatus
439 2532 634 2609 suspitionem
652 2531 829 2592 interfectus.
873 2534 938 2592 Nec
954 2551 1023 2593 vero
1039 2534 1099 2592 ulla
1117 2532 1161 2593 vis

122 2629 237 2705 imperii
258 2639 339 2688 tanta
360 2639 412 2699 est,
439 2646 515 2702 quae
539 2637 690 2703 premente
715 2638 796 2686 metu
815 2626 908 2703 possit
930 2646 994 2687 esse
1013 2626 1158 2688 diuturna
1173 2643 1203 2692 25

96 2766 101 2775 .
125 2727 170 2784 26.
213 2724 309 2784 Testis
331 2735 375 2782 est
397 2721 535 2792 Phalaris,
560 2722 645 2781 cuius
665 2732 710 2782 est
731 2733 846 2798 praeter
865 2733 980 2785 ceteros
1007 2722 1161 2783 nobilitata

122 2821 288 2893 crudelitas,
311 2819 361 2895 qui
382 2838 442 2876 non
463 2838 500 2877 ex
521 2817 633 2877 insidiis
652 2817 768 2891 interiit,
791 2828 823 2877 ut
840 2817 864 2877 is
881 2838 970 2894 quem
986 2820 1078 2878 modo
1099 2818 1160 2878 dixi

123 2919 300 2988 Alexander,
330 2936 391 2975 non
418 2935 436 2973 a
462 2914 564 2990 paucis
592 2925 624 2973 ut
645 2915 694 2973 hic
721 2925 828 2988 noster,
853 2916 906 2974 sed
927 2914 958 2973 in
980 2935 1070 2990 quem
1097 2915 1160 2974 uni·

122 3034 205 3074 versa
218 3012 476 3090 Agrigentinorum
495 3010 654 3070 multitudo
674 3011 816 3087 impetum
830 3010 906 3071 fecit.
950 3010 1054 3086 Quid?
1094 3013 1159 3070 Ma·

122 3112 252 3170 cedones
279 3128 379 3167 nonne
408 3107 593 3166 Demetrium
626 3107 805 3183 reliquerunt
834 3107 1021 3183 universique
1054 3125 1086 3168 se
1119 3108 1203 3169 adso

143 3186 149 3205 ¹
371 3205 512 3279 Pyrrhum
527 3204 736 3263 contulerunt?
768 3203 872 3279 Quid?
906 3201 1157 3264 Lacedaemonios

122 3308 180 3350 asos
190 3307 266 3354 states,
281 3304 332 3344 such
371 3299 476 3358 iniuste
501 3299 668 3377 imperantis
696 3319 795 3359 nonne
822 3311 943 3376 repente
967 3319 1070 3359 omnes
1097 3302 1157 3361 sere

121 3354 336 3398 asliacedaemonand

120 3409 197 3498 {333
214 3407 278 3496 ghebrg
295 3406 332 3493 3¹13
371 3397 443 3455 socii
479 3398 668 3457 deseruerunt
705 3408 944 3474 spectatoresque
978 3416 1009 3457 se
1046 3395 1156 3456 otiosos

24 3514 232 3569 'V111sanctuary
251 3506 276 3546 or
296 3505 331 3544 ne
369 3492 566 3568 praebuerunt
590 3492 762 3552 Leuctricae
792 3492 989 3554 calamitatis?
1029 3495 1157 3553 Externa

167 3713 238 3763 abis
254 3715 289 3772 St,
303 3713 333 3760 iis
352 3712 389 3760 Or
402 3712 442 3759 Ba
455 3711 533 3758 Heine
546 3711 587 3759 Lu
622 3713 632 3766 ΙΙ
668 3725 698 3772 ²3
714 3710 767 3776 ipse
780 3726 835 3758 cum
848 3709 912 3758 codd.
927 3711 958 3759 St
976 3711 984 3736 ‘
991 3709 1078 3773 opponi
1089 3709 1156 3760 enim

114 3795 242 3848 dorniuum
248 3793 440 3858 potentissimum
450 3791 578 3839 imbecillae
588 3790 687 3842 mulieri
693 3789 700 3814 ’
734 3796 745 3850 ΙΙ
781 3804 811 3853 24
823 3791 941 3855 pelicatus
952 3786 1043 3843 BaLu
