2670 4296
195 1013 269 1062 ...De
290 1011 405 1063 officiis
425 1029 489 1078 quae
508 1011 635 1062 volumina
654 1011 794 1072 ediscenda,
816 1027 868 1061 non
889 1011 966 1060 modo
989 1011 1015 1060 in
1032 1011 1147 1062 manibus

144 1092 234 1142 cotidie
244 1093 360 1143 habenda
370 1094 554 1144 nosti—mn.
566 1092 668 1158 praefat
683 1100 734 1144 nat
746 1094 803 1144 hist.
817 1096 831 1155 ἕ
842 1109 883 1143 22.

193 1219 261 1282 Quid
278 1221 334 1270 aliis
352 1220 450 1271 accidat
468 1220 570 1280 nescio;
586 1236 627 1270 me
644 1220 768 1286 legentem
786 1221 821 1271 sic
837 1219 934 1270 afficere
950 1221 1014 1270 solet
1026 1222 1063 1271 M.
1076 1222 1144 1271 Tul·

143 1299 210 1358 lius,
222 1303 365 1366 praesertim
382 1302 425 1352 ubi
441 1303 473 1352 de
490 1304 554 1353 bene
570 1303 677 1352 vivendo
693 1303 799 1360 disserit,
811 1310 838 1353 ut
855 1303 968 1352 dubitare
979 1319 1030 1352 non
1042 1304 1144 1368 possim,

143 1383 204 1447 quin
225 1383 288 1433 illud
309 1392 396 1449 pectus
416 1385 483 1434 unde
504 1384 551 1434 ista
573 1385 717 1449 prodierunt
738 1385 823 1449 aliqua
839 1385 957 1434 divinitas
973 1386 1144 1450 occuparit.-

143 1475 270 1513 nitnsuus
281 1480 321 1528 ep.
335 1465 367 1513 ad
379 1465 500 1514 Ioannem
513 1465 668 1515 Ulattenum.

193 1597 234 1646 Sic
253 1612 293 1645 me
311 1603 390 1646 totum
410 1596 572 1646 inflammavit
589 1598 622 1646 ad
638 1595 736 1646 honesti
748 1596 894 1662 virtutisque
909 1597 1026 1658 studium,
1041 1604 1069 1647 ut
1079 1597 1141 1647 iam·

142 1674 238 1738 pridem
260 1675 322 1724 nihil
344 1676 394 1726 tale
413 1677 539 1735 senserim,
557 1683 679 1726 nostrates
696 1677 819 1741 quosdam
836 1677 974 1728 neotericos
991 1678 1084 1743 legens,
1100 1678 1143 1744 qui

143 1757 278 1807 Christiani
296 1757 452 1808 Christianae
471 1759 644 1824 philosophiae
662 1759 780 1823 mysteria
798 1758 944 1824 profitentur
963 1767 988 1809 et
1004 1760 1093 1810 iisdem
1110 1761 1143 1810 de

142 1839 215 1888 rebus
229 1853 328 1901 magna,
342 1847 369 1888 ut
387 1841 459 1890 nobis
476 1841 581 1900 videtur,
599 1840 736 1890 subtilitate
752 1840 874 1890 disserunt
890 1840 934 1890 sed
948 1855 1029 1905 aeque
1044 1841 1142 1907 frigide.

143 1933 214 1969 mun
226 1920 258 1968 ad
271 1919 357 1970 Iacob.
370 1921 489 1971 Tutorem
499 1920 579 1987 praef.
591 1923 623 1971 ad
635 1922 675 1972 ed.
687 1923 768 1986 Lugd.
783 1935 852 1987 1557.

189 2054 245 2104 Hos
261 2071 309 2119 ego
325 2055 402 2104 libros
418 2053 553 2111 Ciceronis,
571 2053 592 2104 si
608 2069 671 2119 quos
687 2053 757 2111 ahos,
774 2054 863 2119 dignos
880 2070 969 2105 censeo
985 2056 1028 2121 qui
1043 2056 1141 2107 adules-

139 2136 243 2186 centulis
264 2137 290 2186 in
313 2136 404 2186 scholis
425 2136 726 2201 explicentur...Delectat
745 2137 812 2186 enim
831 2139 952 2203 propositi
971 2139 1056 2204 ipsius,
1073 2142 1141 2205 quod

139 2232 226 2266 omnes
246 2217 312 2267 vitae
334 2224 417 2282 partes
432 2217 635 2281 comprehendat,
652 2218 800 2282 amplitudo,
820 2219 925 2268 varietas
941 2228 1137 2284 praeceptorum,

139 2312 237 2361 semper
247 2296 414 2357 honestorum,
429 2298 559 2362 sedsaepe
570 2299 645 2348 etiam
655 2306 728 2348 acute
743 2299 775 2347 ad
787 2298 864 2348 vitam
881 2307 947 2349 recte
963 2301 1139 2352 instituendam

139 2377 334 2441 excogitatorum
346 2378 433 2439 (veluti
443 2379 526 2428 locum
537 2379 569 2428 de
580 2379 708 2429 beneficiis
724 2378 880 2429 conferendis
891 2380 935 2428 lib.
949 2392 970 2429 11
981 2396 1002 2430 c.
1018 2395 1050 2431 ao
1060 2381 1140 2431 admi·

139 2457 244 2506 rabilem
255 2457 363 2518 iudico):
379 2458 487 2509 delectat
499 2461 561 2509 ordo
576 2476 657 2509 rerum
674 2468 787 2510 accurate
803 2468 929 2511 servatus:
946 2461 1053 2511 delectat
1064 2462 1139 2513 etiam

138 2554 220 2587 rerum
232 2539 401 2589 Romanarum
412 2540 629 2605 institutorumque
645 2541 782 2605 patriorum
798 2540 914 2606 frequens
923 2543 1136 2603 commemoratio,

137 2630 173 2680 ut,
185 2623 298 2688 quamvis
309 2622 402 2672 utilitas
412 2631 601 2688 praeceptorum
612 2623 733 2687 generalis
744 2624 785 2680 sit,
796 2629 881 2672 tamen
895 2623 970 2673 simul
981 2623 1057 2673 etiam
1068 2625 1137 2689 peni·

137 2715 178 2755 tus
197 2706 338 2770 cognitione
357 2706 511 2770 antiquitatis
531 2707 650 2756 imbuare.
685 2706 773 2756 Sermo
791 2705 889 2755 excellit
905 2706 1012 2770 eleganti
1029 2707 1137 2771 quadam

136 2787 265 2853 gravitate,
279 2795 306 2837 ut
318 2787 390 2837 facile
401 2805 486 2838 senem
496 2789 650 2838 consularem
661 2805 719 2838 cum
730 2788 790 2849 filio,
801 2789 871 2839 cuius
880 2805 954 2839 musa
966 2790 1050 2839 omnia
1060 2792 1137 2856 cupit,

136 2870 246 2934 colloqui
263 2871 354 2920 sentias
364 2887 372 2930 ;
389 2878 497 2919 remotus
516 2879 553 2920 est
571 2870 613 2919 ille
632 2871 734 2935 quidem
752 2886 767 2918 a
786 2870 852 2920 laeta
872 2872 993 2928 ubertate,
1013 2887 1089 2936 quam
1110 2873 1137 2922 in

137 2952 298 3012 orationibus,
316 2955 448 3018 praecipue
463 2952 583 3010 Verrinis,
600 2952 735 3001 admiratur
752 2952 872 3011 iuventus,
892 2967 991 3016 quaque
1007 2967 1058 3000 non
1075 2953 1136 3002 diffi·

136 3034 228 3084 teorin
244 3034 330 3099 primis
346 3034 380 3084 ali
396 3034 551 3098 eloquentiae
568 3034 695 3099 quoddam
710 3033 815 3082 Latinae
831 3033 959 3093 studium;
975 3033 1019 3082 sed
1031 3033 1136 3082 admira·

134 3117 194 3166 bilis
204 3124 242 3167 est
253 3117 328 3166 etiam
338 3117 400 3166 haec
410 3117 527 3167 adstricta
535 3117 670 3177 maturitas,
681 3132 744 3182 quae
753 3115 816 3166 sicut
827 3115 889 3164 nihil
900 3115 976 3164 habet
984 3114 1135 3165 luxuriosum

136 3214 167 3248 ac
183 3199 332 3256 redundans,
344 3197 379 3247 ita
392 3199 427 3246 ab
443 3198 585 3248 austeritate
602 3205 627 3248 et
644 3197 755 3248 siccitate
771 3197 915 3261 longissime
930 3197 1009 3245 abest.
1043 3208 1138 3245 zumns

135 3280 214 3347 praef.
226 3281 259 3330 ad
270 3280 310 3330 ed.
322 3281 381 3331 min.
395 3296 420 3344 p.
435 3281 468 3330 vi.
