<?xml version="1.0" encoding="UTF-8"?>
<!DOCTYPE html PUBLIC "-//W3C//DTD XHTML 1.0 Transitional//EN"
    "http://www.w3.org/TR/xhtml1/DTD/xhtml1-transitional.dtd">
<html xmlns="http://www.w3.org/1999/xhtml" xml:lang="en" lang="en">
 <head>
  <title>
</title>
<meta http-equiv="Content-Type" content="text/html;charset=utf-8" />
  <meta name='ocr-system' content='tesseract 3.04.00' />
  <meta name='ocr-capabilities' content='ocr_page ocr_carea ocr_par ocr_line ocrx_word'/>
</head>
<body>
  <div class='ocr_page' id='page_1' title='image "./mtciceronisdeof00cicegoog_0098.png"; bbox 0 0 2670 4296; ppageno 0'>
   <div class='ocr_carea' id='block_1_1' title="bbox 107 189 1154 274">
    <p class='ocr_par' dir='ltr' id='par_1_1' title="bbox 107 189 1154 274">
     <span class='ocr_line' id='line_1_1' title="bbox 107 189 1154 274; baseline 0.002 -23"><span class='ocrx_word' id='word_1_1' title='bbox 107 192 238 252; x_wconf 78' lang='lat' dir='ltr'>lxxxvi</span> <span class='ocrx_word' id='word_1_2' title='bbox 256 189 326 274; x_wconf 86' lang='lat'>131]</span> <span class='ocrx_word' id='word_1_3' title='bbox 430 199 572 252; x_wconf 78' lang='lat' dir='ltr'>externam</span> <span class='ocrx_word' id='word_1_4' title='bbox 593 194 703 269; x_wconf 80' lang='lat' dir='ltr'>speciem</span> <span class='ocrx_word' id='word_1_5' title='bbox 717 195 844 268; x_wconf 76' lang='lat' dir='ltr'><em>pertinet</em></span> <span class='ocrx_word' id='word_1_6' title='bbox 1114 213 1154 273; x_wconf 82' lang='lat'>47</span> 
     </span>
    </p>
   </div>
   <div class='ocr_carea' id='block_1_2' title="bbox 10 345 1197 3833">
    <p class='ocr_par' dir='ltr' id='par_1_2' title="bbox 84 345 1197 2179">
     <span class='ocr_line' id='line_1_2' title="bbox 84 345 1152 436; baseline 0.001 -19"><span class='ocrx_word' id='word_1_7' title='bbox 84 345 87 348; x_wconf 40' lang='grc'>’</span> <span class='ocrx_word' id='word_1_8' title='bbox 106 356 159 434; x_wconf 93' lang='lat' dir='ltr'>qui</span> <span class='ocrx_word' id='word_1_9' title='bbox 178 359 396 436; x_wconf 90' lang='lat' dir='ltr'>reprehendunt</span> <span class='ocrx_word' id='word_1_10' title='bbox 414 368 444 418; x_wconf 91' lang='lat' dir='ltr'>et</span> <span class='ocrx_word' id='word_1_11' title='bbox 460 357 596 431; x_wconf 89' lang='lat' dir='ltr'>inrident,</span> <span class='ocrx_word' id='word_1_12' title='bbox 612 359 695 434; x_wconf 90' lang='lat' dir='ltr'>quod</span> <span class='ocrx_word' id='word_1_13' title='bbox 708 378 752 432; x_wconf 87' lang='lat' dir='ltr'>ea,</span> <span class='ocrx_word' id='word_1_14' title='bbox 768 378 888 434; x_wconf 89' lang='lat' dir='ltr'>quaere</span> <span class='ocrx_word' id='word_1_15' title='bbox 902 358 997 436; x_wconf 90' lang='lat' dir='ltr'>turpia</span> <span class='ocrx_word' id='word_1_16' title='bbox 1009 378 1070 418; x_wconf 92' lang='lat' dir='ltr'>non</span> <span class='ocrx_word' id='word_1_17' title='bbox 1085 358 1152 432; x_wconf 90' lang='lat' dir='ltr'>sint,</span> 
     </span>
     <span class='ocr_line' id='line_1_3' title="bbox 100 452 1151 536; baseline 0.001 -21"><span class='ocrx_word' id='word_1_18' title='bbox 100 452 290 536; x_wconf 76' lang='lat' dir='ltr'>[nominibus</span> <span class='ocrx_word' id='word_1_19' title='bbox 313 453 361 536; x_wconf 90' lang='lat' dir='ltr'>ac]</span> <span class='ocrx_word' id='word_1_20' title='bbox 386 455 481 516; x_wconf 91' lang='lat' dir='ltr'>verbis</span> <span class='ocrx_word' id='word_1_21' title='bbox 505 455 648 532; x_wconf 86' lang='lat' dir='ltr'>flagitiosa</span> <span class='ocrx_word' id='word_1_22' title='bbox 675 456 835 528; x_wconf 81' lang='lat' dir='ltr'>ducamus3</span> <span class='ocrx_word' id='word_1_23' title='bbox 866 455 917 514; x_wconf 89' lang='lat' dir='ltr'>illa</span> <span class='ocrx_word' id='word_1_24' title='bbox 942 468 1049 527; x_wconf 89' lang='lat' dir='ltr'>autem,</span> <span class='ocrx_word' id='word_1_25' title='bbox 1074 475 1151 533; x_wconf 90' lang='lat' dir='ltr'>quae</span> 
     </span>
     <span class='ocr_line' id='line_1_4' title="bbox 106 551 1151 629; baseline -0.001 -16"><span class='ocrx_word' id='word_1_26' title='bbox 106 552 202 629; x_wconf 89' lang='lat' dir='ltr'>turpia</span> <span class='ocrx_word' id='word_1_27' title='bbox 222 553 288 626; x_wconf 92' lang='lat' dir='ltr'>sint,</span> <span class='ocrx_word' id='word_1_28' title='bbox 310 552 478 612; x_wconf 89' lang='lat' dir='ltr'>nominibus</span> <span class='ocrx_word' id='word_1_29' title='bbox 499 553 680 629; x_wconf 87' lang='lat' dir='ltr'><strong>appellemus</strong></span> <span class='ocrx_word' id='word_1_30' title='bbox 694 551 761 612; x_wconf 84' lang='lat' dir='ltr'>suis.</span> <span class='ocrx_word' id='word_1_31' title='bbox 805 551 993 624; x_wconf 86' lang='lat' dir='ltr'>Latrocinari,</span> <span class='ocrx_word' id='word_1_32' title='bbox 1009 552 1151 625; x_wconf 84' lang='lat' dir='ltr'>fraudare,</span> 
     </span>
     <span class='ocr_line' id='line_1_5' title="bbox 107 647 1152 726; baseline 0.002 -19"><span class='ocrx_word' id='word_1_33' title='bbox 107 649 270 709; x_wconf 84' lang='lat' dir='ltr'>adulterare</span> <span class='ocrx_word' id='word_1_34' title='bbox 290 669 321 710; x_wconf 88' lang='lat' dir='ltr'>re</span> <span class='ocrx_word' id='word_1_35' title='bbox 341 661 426 726; x_wconf 89' lang='lat' dir='ltr'>turpe</span> <span class='ocrx_word' id='word_1_36' title='bbox 447 661 499 721; x_wconf 88' lang='lat' dir='ltr'>est,</span> <span class='ocrx_word' id='word_1_37' title='bbox 515 651 569 710; x_wconf 90' lang='lat' dir='ltr'>sed</span> <span class='ocrx_word' id='word_1_38' title='bbox 590 649 696 709; x_wconf 90' lang='lat' dir='ltr'>dicitur</span> <span class='ocrx_word' id='word_1_39' title='bbox 716 668 776 709; x_wconf 95' lang='lat' dir='ltr'>non</span> <span class='ocrx_word' id='word_1_40' title='bbox 798 650 925 710; x_wconf 87' lang='lat' dir='ltr'>obscene</span> <span class='ocrx_word' id='word_1_41' title='bbox 935 669 944 722; x_wconf 86' lang='lat'>3</span> <span class='ocrx_word' id='word_1_42' title='bbox 964 647 1062 708; x_wconf 91' lang='lat' dir='ltr'>liberis</span> <span class='ocrx_word' id='word_1_43' title='bbox 1082 649 1152 709; x_wconf 84' lang='lat' dir='ltr'>dare</span> 
     </span>
     <span class='ocr_line' id='line_1_6' title="bbox 107 745 1195 822; baseline 0 -16"><span class='ocrx_word' id='word_1_44' title='bbox 107 764 227 822; x_wconf 86' lang='lat' dir='ltr'>operam</span> <span class='ocrx_word' id='word_1_45' title='bbox 240 766 271 807; x_wconf 91' lang='lat' dir='ltr'>re</span> <span class='ocrx_word' id='word_1_46' title='bbox 285 748 441 807; x_wconf 90' lang='lat' dir='ltr'>honestum</span> <span class='ocrx_word' id='word_1_47' title='bbox 455 758 507 820; x_wconf 90' lang='lat' dir='ltr'>est,</span> <span class='ocrx_word' id='word_1_48' title='bbox 523 746 644 806; x_wconf 92' lang='lat' dir='ltr'>nomine</span> <span class='ocrx_word' id='word_1_49' title='bbox 658 748 829 821; x_wconf 90' lang='lat' dir='ltr'>obscenum,</span> <span class='ocrx_word' id='word_1_50' title='bbox 877 746 1017 822; x_wconf 85' lang='lat' dir='ltr'>pluraque</span> <span class='ocrx_word' id='word_1_51' title='bbox 1036 745 1066 803; x_wconf 91' lang='lat' dir='ltr'>in</span> <span class='ocrx_word' id='word_1_52' title='bbox 1085 764 1153 806; x_wconf 89' lang='lat' dir='ltr'>eam</span> <span class='ocrx_word' id='word_1_53' title='bbox 1181 766 1195 816; x_wconf 85' lang='lat'>5</span> 
     </span>
     <span class='ocr_line' id='line_1_7' title="bbox 107 843 1153 919; baseline 0 -17"><span class='ocrx_word' id='word_1_54' title='bbox 107 843 283 903; x_wconf 86' lang='lat' dir='ltr'>sententiam</span> <span class='ocrx_word' id='word_1_55' title='bbox 303 845 341 903; x_wconf 93' lang='lat' dir='ltr'>ab</span> <span class='ocrx_word' id='word_1_56' title='bbox 362 843 474 903; x_wconf 90' lang='lat' dir='ltr'>eisdem</span> <span class='ocrx_word' id='word_1_57' title='bbox 494 856 598 902; x_wconf 91' lang='lat' dir='ltr'>contra</span> <span class='ocrx_word' id='word_1_58' title='bbox 616 843 824 904; x_wconf 91' lang='lat' dir='ltr'>verecundiam</span> <span class='ocrx_word' id='word_1_59' title='bbox 846 843 1036 919; x_wconf 90' lang='lat' dir='ltr'>disputantur.</span> <span class='ocrx_word' id='word_1_60' title='bbox 1087 845 1153 903; x_wconf 93' lang='lat' dir='ltr'>Nos</span> 
     </span>
     <span class='ocr_line' id='line_1_8' title="bbox 107 941 1154 1018; baseline 0.001 -20"><span class='ocrx_word' id='word_1_61' title='bbox 107 950 207 1000; x_wconf 89' lang='lat' dir='ltr'>autem</span> <span class='ocrx_word' id='word_1_62' title='bbox 228 953 360 1001; x_wconf 88' lang='lat' dir='ltr'>naturam</span> <span class='ocrx_word' id='word_1_63' title='bbox 381 959 537 1017; x_wconf 88' lang='lat' dir='ltr'>sequamur</span> <span class='ocrx_word' id='word_1_64' title='bbox 557 953 586 1001; x_wconf 92' lang='lat' dir='ltr'>et</span> <span class='ocrx_word' id='word_1_65' title='bbox 607 942 644 1000; x_wconf 89' lang='lat' dir='ltr'>ab</span> <span class='ocrx_word' id='word_1_66' title='bbox 666 941 755 1014; x_wconf 89' lang='lat' dir='ltr'>omni,</span> <span class='ocrx_word' id='word_1_67' title='bbox 771 941 854 1018; x_wconf 91' lang='lat' dir='ltr'>quod</span> <span class='ocrx_word' id='word_1_68' title='bbox 871 941 1008 1000; x_wconf 89' lang='lat' dir='ltr'>abhonet</span> <span class='ocrx_word' id='word_1_69' title='bbox 1028 941 1065 999; x_wconf 92' lang='lat' dir='ltr'>ab</span> <span class='ocrx_word' id='word_1_70' title='bbox 1086 960 1154 1000; x_wconf 93' lang='lat' dir='ltr'>ocu·</span> 
     </span>
     <span class='ocr_line' id='line_1_9' title="bbox 108 1034 1151 1115; baseline 0 -21"><span class='ocrx_word' id='word_1_71' title='bbox 108 1034 203 1095; x_wconf 88' lang='lat' dir='ltr'>lomm</span> <span class='ocrx_word' id='word_1_72' title='bbox 237 1037 409 1114; x_wconf 89' lang='lat' dir='ltr'>auriumque</span> <span class='ocrx_word' id='word_1_73' title='bbox 443 1036 662 1114; x_wconf 88' lang='lat' dir='ltr'>approbatione,</span> <span class='ocrx_word' id='word_1_74' title='bbox 692 1037 844 1115; x_wconf 85' lang='lat' dir='ltr'>fugiamus.</span> <span class='ocrx_word' id='word_1_75' title='bbox 888 1039 985 1097; x_wconf 87' lang='lat' dir='ltr'>Status</span> <span class='ocrx_word' id='word_1_76' title='bbox 1012 1036 1151 1110; x_wconf 89' lang='lat' dir='ltr'>incessus,</span> 
     </span>
     <span class='ocr_line' id='line_1_10' title="bbox 108 1131 1153 1207; baseline -0.003 -14"><span class='ocrx_word' id='word_1_77' title='bbox 108 1132 199 1193; x_wconf 89' lang='lat' dir='ltr'>sessio</span> <span class='ocrx_word' id='word_1_78' title='bbox 225 1134 381 1207; x_wconf 89' lang='lat' dir='ltr'>accubiti0‚</span> <span class='ocrx_word' id='word_1_79' title='bbox 408 1136 505 1196; x_wconf 91' lang='lat' dir='ltr'>vultus</span> <span class='ocrx_word' id='word_1_80' title='bbox 533 1133 618 1206; x_wconf 89' lang='lat' dir='ltr'>oculi,</span> <span class='ocrx_word' id='word_1_81' title='bbox 640 1153 782 1192; x_wconf 90' lang='lat' dir='ltr'>manuum</span> <span class='ocrx_word' id='word_1_82' title='bbox 809 1145 906 1194; x_wconf 91' lang='lat' dir='ltr'>motus</span> <span class='ocrx_word' id='word_1_83' title='bbox 934 1143 1053 1192; x_wconf 81' lang='lat' dir='ltr'>teneant</span> <span class='ocrx_word' id='word_1_84' title='bbox 1079 1131 1153 1191; x_wconf 91' lang='lat' dir='ltr'>illud</span> 
     </span>
     <span class='ocr_line' id='line_1_11' title="bbox 109 1230 1197 1308; baseline 0.003 -19"><span class='ocrx_word' id='word_1_85' title='bbox 109 1230 258 1290; x_wconf 89' lang='lat' dir='ltr'>decorum.</span> <span class='ocrx_word' id='word_1_86' title='bbox 317 1251 381 1306; x_wconf 87' lang='lat'>129.</span> <span class='ocrx_word' id='word_1_87' title='bbox 425 1231 540 1305; x_wconf 91' lang='lat' dir='ltr'>Quibus</span> <span class='ocrx_word' id='word_1_88' title='bbox 555 1231 585 1289; x_wconf 92' lang='lat' dir='ltr'>in</span> <span class='ocrx_word' id='word_1_89' title='bbox 599 1231 686 1290; x_wconf 90' lang='lat' dir='ltr'>rebus</span> <span class='ocrx_word' id='word_1_90' title='bbox 701 1233 761 1290; x_wconf 92' lang='lat' dir='ltr'>duo</span> <span class='ocrx_word' id='word_1_91' title='bbox 775 1231 901 1290; x_wconf 88' lang='lat' dir='ltr'>maxime</span> <span class='ocrx_word' id='word_1_92' title='bbox 915 1243 983 1290; x_wconf 90' lang='lat' dir='ltr'>sunt</span> <span class='ocrx_word' id='word_1_93' title='bbox 996 1231 1143 1308; x_wconf 86' lang='lat' dir='ltr'>fugienda,</span> <span class='ocrx_word' id='word_1_94' title='bbox 1167 1258 1197 1293; x_wconf 80' lang='grc' dir='ltr'>ιο</span> 
     </span>
     <span class='ocr_line' id='line_1_12' title="bbox 109 1326 1152 1403; baseline 0.002 -18"><span class='ocrx_word' id='word_1_95' title='bbox 109 1344 147 1386; x_wconf 91' lang='lat' dir='ltr'>ne</span> <span class='ocrx_word' id='word_1_96' title='bbox 161 1327 234 1403; x_wconf 92' lang='lat' dir='ltr'>quid</span> <span class='ocrx_word' id='word_1_97' title='bbox 253 1326 454 1388; x_wconf 85' lang='lat' dir='ltr'>effeminatum</span> <span class='ocrx_word' id='word_1_98' title='bbox 468 1339 519 1386; x_wconf 91' lang='lat' dir='ltr'>aut</span> <span class='ocrx_word' id='word_1_99' title='bbox 533 1329 623 1386; x_wconf 90' lang='lat' dir='ltr'>molle</span> <span class='ocrx_word' id='word_1_100' title='bbox 641 1338 671 1386; x_wconf 94' lang='lat' dir='ltr'>et</span> <span class='ocrx_word' id='word_1_101' title='bbox 688 1347 726 1386; x_wconf 92' lang='lat' dir='ltr'>ne</span> <span class='ocrx_word' id='word_1_102' title='bbox 740 1326 814 1403; x_wconf 90' lang='lat' dir='ltr'>quid</span> <span class='ocrx_word' id='word_1_103' title='bbox 828 1327 934 1385; x_wconf 93' lang='lat' dir='ltr'>durum</span> <span class='ocrx_word' id='word_1_104' title='bbox 948 1339 999 1386; x_wconf 90' lang='lat' dir='ltr'>aut</span> <span class='ocrx_word' id='word_1_105' title='bbox 1013 1327 1152 1387; x_wconf 87' lang='lat' dir='ltr'>msticum</span> 
     </span>
     <span class='ocr_line' id='line_1_13' title="bbox 108 1421 1153 1500; baseline 0.005 -19"><span class='ocrx_word' id='word_1_106' title='bbox 108 1421 153 1482; x_wconf 90' lang='lat' dir='ltr'>sit.</span> <span class='ocrx_word' id='word_1_107' title='bbox 195 1426 261 1484; x_wconf 92' lang='lat' dir='ltr'>Nec</span> <span class='ocrx_word' id='word_1_108' title='bbox 274 1444 344 1484; x_wconf 89' lang='lat' dir='ltr'>vero</span> <span class='ocrx_word' id='word_1_109' title='bbox 358 1423 548 1484; x_wconf 88' lang='lat' dir='ltr'>histrionibus</span> <span class='ocrx_word' id='word_1_110' title='bbox 567 1424 786 1500; x_wconf 88' lang='lat' dir='ltr'>oratoribusque</span> <span class='ocrx_word' id='word_1_111' title='bbox 805 1425 1031 1483; x_wconf 89' lang='lat' dir='ltr'>concedendum</span> <span class='ocrx_word' id='word_1_112' title='bbox 1052 1436 1104 1497; x_wconf 91' lang='lat' dir='ltr'>est,</span> <span class='ocrx_word' id='word_1_113' title='bbox 1120 1435 1153 1487; x_wconf 91' lang='lat' dir='ltr'>ut</span> 
     </span>
     <span class='ocr_line' id='line_1_14' title="bbox 107 1516 1153 1597; baseline 0.001 -18"><span class='ocrx_word' id='word_1_114' title='bbox 107 1516 143 1579; x_wconf 88' lang='lat' dir='ltr'>iis</span> <span class='ocrx_word' id='word_1_115' title='bbox 161 1520 235 1580; x_wconf 92' lang='lat' dir='ltr'>haec</span> <span class='ocrx_word' id='word_1_116' title='bbox 253 1532 322 1597; x_wconf 89' lang='lat' dir='ltr'>apta</span> <span class='ocrx_word' id='word_1_117' title='bbox 341 1520 407 1593; x_wconf 89' lang='lat' dir='ltr'>sint,</span> <span class='ocrx_word' id='word_1_118' title='bbox 422 1520 508 1580; x_wconf 89' lang='lat' dir='ltr'>nobis</span> <span class='ocrx_word' id='word_1_119' title='bbox 529 1520 678 1580; x_wconf 83' lang='lat' dir='ltr'>dissoluta</span> <span class='ocrx_word' id='word_1_120' title='bbox 720 1520 925 1580; x_wconf 89' lang='lat' dir='ltr'>Scaenicomm</span> <span class='ocrx_word' id='word_1_121' title='bbox 947 1520 1066 1596; x_wconf 90' lang='lat' dir='ltr'>quidem</span> <span class='ocrx_word' id='word_1_122' title='bbox 1088 1540 1153 1580; x_wconf 92' lang='lat' dir='ltr'>mos</span> 
     </span>
     <span class='ocr_line' id='line_1_15' title="bbox 107 1616 1152 1694; baseline -0.001 -17"><span class='ocrx_word' id='word_1_123' title='bbox 107 1627 219 1677; x_wconf 88' lang='lat' dir='ltr'>tantam</span> <span class='ocrx_word' id='word_1_124' title='bbox 249 1618 339 1677; x_wconf 89' lang='lat' dir='ltr'>habet</span> <span class='ocrx_word' id='word_1_125' title='bbox 358 1629 455 1678; x_wconf 89' lang='lat' dir='ltr'>vetere</span> <span class='ocrx_word' id='word_1_126' title='bbox 486 1616 641 1694; x_wconf 85' lang='lat' dir='ltr'>disciplina</span> <span class='ocrx_word' id='word_1_127' title='bbox 666 1616 882 1689; x_wconf 88' lang='lat' dir='ltr'>verecundiam,</span> <span class='ocrx_word' id='word_1_128' title='bbox 903 1627 936 1675; x_wconf 93' lang='lat' dir='ltr'>ut</span> <span class='ocrx_word' id='word_1_129' title='bbox 962 1616 994 1679; x_wconf 94' lang='lat' dir='ltr'>in</span> <span class='ocrx_word' id='word_1_130' title='bbox 1015 1636 1152 1676; x_wconf 86' lang='lat' dir='ltr'>scaenam</span> 
     </span>
     <span class='ocr_line' id='line_1_16' title="bbox 108 1713 1195 1791; baseline 0.002 -19"><span class='ocrx_word' id='word_1_131' title='bbox 108 1713 171 1774; x_wconf 93' lang='lat' dir='ltr'>sine</span> <span class='ocrx_word' id='word_1_132' title='bbox 198 1714 378 1791; x_wconf 85' lang='lat' dir='ltr'>subligaculo</span> <span class='ocrx_word' id='word_1_133' title='bbox 398 1715 521 1791; x_wconf 87' lang='lat' dir='ltr'>prodeat</span> <span class='ocrx_word' id='word_1_134' title='bbox 545 1733 652 1788; x_wconf 90' lang='lat' dir='ltr'>nemo;</span> <span class='ocrx_word' id='word_1_135' title='bbox 686 1724 821 1773; x_wconf 91' lang='lat' dir='ltr'>verentur</span> <span class='ocrx_word' id='word_1_136' title='bbox 847 1713 926 1772; x_wconf 91' lang='lat' dir='ltr'>enim</span> <span class='ocrx_word' id='word_1_137' title='bbox 965 1733 1011 1786; x_wconf 92' lang='lat' dir='ltr'>ne,</span> <span class='ocrx_word' id='word_1_138' title='bbox 1040 1713 1065 1773; x_wconf 92' lang='lat' dir='ltr'>si</span> <span class='ocrx_word' id='word_1_139' title='bbox 1092 1733 1152 1790; x_wconf 91' lang='lat' dir='ltr'>quo</span> <span class='ocrx_word' id='word_1_140' title='bbox 1168 1741 1195 1790; x_wconf 87' lang='lat'>¹5</span> 
     </span>
     <span class='ocr_line' id='line_1_17' title="bbox 108 1809 1154 1887; baseline 0.001 -19"><span class='ocrx_word' id='word_1_141' title='bbox 108 1828 177 1868; x_wconf 88' lang='lat' dir='ltr'>casn</span> <span class='ocrx_word' id='word_1_142' title='bbox 198 1809 327 1874; x_wconf 88' lang='lat' dir='ltr'>evenerit</span> <span class='ocrx_word' id='word_1_143' title='bbox 342 1821 375 1869; x_wconf 93' lang='lat' dir='ltr'>ut</span> <span class='ocrx_word' id='word_1_144' title='bbox 393 1811 522 1887; x_wconf 88' lang='lat' dir='ltr'>corporis</span> <span class='ocrx_word' id='word_1_145' title='bbox 541 1822 637 1887; x_wconf 90' lang='lat' dir='ltr'>partes</span> <span class='ocrx_word' id='word_1_146' title='bbox 658 1810 804 1885; x_wconf 88' lang='lat' dir='ltr'>quaedam</span> <span class='ocrx_word' id='word_1_147' title='bbox 825 1809 998 1885; x_wconf 89' lang='lat' dir='ltr'>aperiantur,</span> <span class='ocrx_word' id='word_1_148' title='bbox 1014 1810 1154 1887; x_wconf 88' lang='lat' dir='ltr'>aspician-</span> 
     </span>
     <span class='ocr_line' id='line_1_18' title="bbox 108 1907 1152 1983; baseline 0.003 -18"><span class='ocrx_word' id='word_1_149' title='bbox 108 1917 156 1966; x_wconf 90' lang='lat' dir='ltr'>tur</span> <span class='ocrx_word' id='word_1_150' title='bbox 168 1926 229 1966; x_wconf 93' lang='lat' dir='ltr'>non</span> <span class='ocrx_word' id='word_1_151' title='bbox 244 1907 358 1966; x_wconf 88' lang='lat' dir='ltr'>decore.</span> <span class='ocrx_word' id='word_1_152' title='bbox 401 1909 512 1966; x_wconf 90' lang='lat' dir='ltr'>Nostro</span> <span class='ocrx_word' id='word_1_153' title='bbox 526 1907 647 1982; x_wconf 89' lang='lat' dir='ltr'>quidem</span> <span class='ocrx_word' id='word_1_154' title='bbox 662 1925 743 1965; x_wconf 93' lang='lat' dir='ltr'>more</span> <span class='ocrx_word' id='word_1_155' title='bbox 763 1926 831 1965; x_wconf 92' lang='lat' dir='ltr'>cum</span> <span class='ocrx_word' id='word_1_156' title='bbox 845 1907 1014 1983; x_wconf 89' lang='lat' dir='ltr'>parentibus</span> <span class='ocrx_word' id='word_1_157' title='bbox 1028 1908 1152 1982; x_wconf 89' lang='lat' dir='ltr'>puberes</span> 
     </span>
     <span class='ocr_line' id='line_1_19' title="bbox 108 2003 1153 2082; baseline 0.003 -20"><span class='ocrx_word' id='word_1_158' title='bbox 108 2003 167 2078; x_wconf 84' lang='lat' dir='ltr'>filii,</span> <span class='ocrx_word' id='word_1_159' title='bbox 190 2024 258 2064; x_wconf 87' lang='lat' dir='ltr'>curn</span> <span class='ocrx_word' id='word_1_160' title='bbox 279 2005 386 2064; x_wconf 90' lang='lat' dir='ltr'>soceris</span> <span class='ocrx_word' id='word_1_161' title='bbox 407 2003 506 2081; x_wconf 88' lang='lat' dir='ltr'>generi</span> <span class='ocrx_word' id='word_1_162' title='bbox 527 2024 588 2063; x_wconf 93' lang='lat' dir='ltr'>non</span> <span class='ocrx_word' id='word_1_163' title='bbox 609 2006 748 2064; x_wconf 90' lang='lat' dir='ltr'>lavantur.</span> <span class='ocrx_word' id='word_1_164' title='bbox 801 2005 971 2065; x_wconf 86' lang='lat' dir='ltr'>Retinenda</span> <span class='ocrx_word' id='word_1_165' title='bbox 996 2004 1082 2082; x_wconf 90' lang='lat' dir='ltr'>igitur</span> <span class='ocrx_word' id='word_1_166' title='bbox 1108 2016 1153 2066; x_wconf 91' lang='lat' dir='ltr'>est</span> 
     </span>
     <span class='ocr_line' id='line_1_20' title="bbox 108 2101 1153 2179; baseline 0 -17"><span class='ocrx_word' id='word_1_167' title='bbox 108 2102 194 2162; x_wconf 92' lang='lat' dir='ltr'>huius</span> <span class='ocrx_word' id='word_1_168' title='bbox 214 2101 328 2179; x_wconf 89' lang='lat' dir='ltr'>generis</span> <span class='ocrx_word' id='word_1_169' title='bbox 355 2101 540 2175; x_wconf 87' lang='lat' dir='ltr'>verecundia,</span> <span class='ocrx_word' id='word_1_170' title='bbox 563 2101 731 2179; x_wconf 89' lang='lat' dir='ltr'>praesertim</span> <span class='ocrx_word' id='word_1_171' title='bbox 752 2114 855 2160; x_wconf 90' lang='lat' dir='ltr'>natura</span> <span class='ocrx_word' id='word_1_172' title='bbox 875 2101 938 2179; x_wconf 92' lang='lat' dir='ltr'>ipsa</span> <span class='ocrx_word' id='word_1_173' title='bbox 961 2103 1097 2179; x_wconf 88' lang='lat' dir='ltr'>magistra</span> <span class='ocrx_word' id='word_1_174' title='bbox 1123 2113 1153 2162; x_wconf 92' lang='lat' dir='ltr'>et</span> 
     </span>
    </p>

    <p class='ocr_par' dir='ltr' id='par_1_3' title="bbox 10 2197 1196 3833">
     <span class='ocr_line' id='line_1_21' title="bbox 10 2197 1196 2284; baseline 0.002 -26"><span class='ocrx_word' id='word_1_175' title='bbox 10 2221 94 2272; x_wconf 70' lang='lat' dir='ltr'>qm</span> <span class='ocrx_word' id='word_1_176' title='bbox 127 2233 175 2284; x_wconf 66' lang='lat' dir='ltr'><strong>(Bb)</strong></span> <span class='ocrx_word' id='word_1_177' title='bbox 189 2234 318 2284; x_wconf 50' lang='lat' dir='ltr'>Dum„</span> <span class='ocrx_word' id='word_1_178' title='bbox 357 2199 441 2258; x_wconf 90' lang='lat' dir='ltr'>duce.</span> <span class='ocrx_word' id='word_1_179' title='bbox 500 2218 564 2273; x_wconf 89' lang='lat'>130.</span> <span class='ocrx_word' id='word_1_180' title='bbox 609 2199 686 2258; x_wconf 92' lang='lat' dir='ltr'>Cum</span> <span class='ocrx_word' id='word_1_181' title='bbox 713 2209 810 2257; x_wconf 90' lang='lat' dir='ltr'>autem</span> <span class='ocrx_word' id='word_1_182' title='bbox 838 2197 1063 2274; x_wconf 89' lang='lat' dir='ltr'>pulchritudinis</span> <span class='ocrx_word' id='word_1_183' title='bbox 1090 2200 1151 2259; x_wconf 94' lang='lat' dir='ltr'>duo</span> <span class='ocrx_word' id='word_1_184' title='bbox 1165 2226 1196 2260; x_wconf 77' lang='lat'>20</span> 
     </span>
     <span class='ocr_line' id='line_1_22' title="bbox 107 2284 1152 2386; baseline 0.001 -31"><span class='ocrx_word' id='word_1_185' title='bbox 107 2284 319 2386; x_wconf 53' lang='lat' dir='ltr'>ffissjffiossff</span> <span class='ocrx_word' id='word_1_186' title='bbox 356 2315 464 2372; x_wconf 88' lang='lat' dir='ltr'>genera</span> <span class='ocrx_word' id='word_1_187' title='bbox 490 2295 557 2367; x_wconf 91' lang='lat' dir='ltr'>sint,</span> <span class='ocrx_word' id='word_1_188' title='bbox 579 2315 704 2371; x_wconf 90' lang='lat' dir='ltr'>quorum</span> <span class='ocrx_word' id='word_1_189' title='bbox 732 2295 763 2353; x_wconf 93' lang='lat' dir='ltr'>in</span> <span class='ocrx_word' id='word_1_190' title='bbox 784 2297 875 2354; x_wconf 88' lang='lat' dir='ltr'>altero</span> <span class='ocrx_word' id='word_1_191' title='bbox 895 2307 1032 2355; x_wconf 87' lang='lat' dir='ltr'>venustas</span> <span class='ocrx_word' id='word_1_192' title='bbox 1049 2308 1102 2370; x_wconf 91' lang='lat' dir='ltr'>est,</span> <span class='ocrx_word' id='word_1_193' title='bbox 1120 2296 1152 2356; x_wconf 93' lang='lat' dir='ltr'>in</span> 
     </span>
     <span class='ocr_line' id='line_1_23' title="bbox 108 2385 1151 2466; baseline 0.004 -17"><span class='ocrx_word' id='word_1_194' title='bbox 108 2385 216 2436; x_wconf 48' lang='lat' dir='ltr'>mv&amp;</span> <span class='ocrx_word' id='word_1_195' title='bbox 358 2392 449 2450; x_wconf 87' lang='lat' dir='ltr'>altero</span> <span class='ocrx_word' id='word_1_196' title='bbox 477 2389 611 2466; x_wconf 89' lang='lat' dir='ltr'>dignitas,</span> <span class='ocrx_word' id='word_1_197' title='bbox 633 2402 816 2450; x_wconf 88' lang='lat' dir='ltr'>venustatem</span> <span class='ocrx_word' id='word_1_198' title='bbox 845 2389 1016 2450; x_wconf 89' lang='lat' dir='ltr'>muliebrem</span> <span class='ocrx_word' id='word_1_199' title='bbox 1044 2393 1151 2454; x_wconf 90' lang='lat' dir='ltr'>ducere</span> 
     </span>
     <span class='ocr_line' id='line_1_24' title="bbox 108 2485 1151 2564; baseline 0.005 -20"><span class='ocrx_word' id='word_1_200' title='bbox 108 2485 258 2560; x_wconf 88' lang='lat' dir='ltr'>debemus,</span> <span class='ocrx_word' id='word_1_201' title='bbox 269 2486 440 2564; x_wconf 86' lang='lat' dir='ltr'>dignitatern</span> <span class='ocrx_word' id='word_1_202' title='bbox 451 2487 570 2547; x_wconf 89' lang='lat' dir='ltr'>virilem.</span> <span class='ocrx_word' id='word_1_203' title='bbox 605 2490 683 2564; x_wconf 91' lang='lat' dir='ltr'>Ergo</span> <span class='ocrx_word' id='word_1_204' title='bbox 694 2499 749 2546; x_wconf 90' lang='lat' dir='ltr'>eta</span> <span class='ocrx_word' id='word_1_205' title='bbox 760 2489 853 2546; x_wconf 85' lang='lat' dir='ltr'>forma</span> <span class='ocrx_word' id='word_1_206' title='bbox 863 2501 1045 2549; x_wconf 89' lang='lat' dir='ltr'>removeatur</span> <span class='ocrx_word' id='word_1_207' title='bbox 1055 2490 1151 2550; x_wconf 90' lang='lat' dir='ltr'>omnis</span> 
     </span>
     <span class='ocr_line' id='line_1_25' title="bbox 106 2579 1151 2662; baseline 0.006 -22"><span class='ocrx_word' id='word_1_208' title='bbox 106 2579 169 2641; x_wconf 84' lang='lat' dir='ltr'>viro</span> <span class='ocrx_word' id='word_1_209' title='bbox 183 2601 244 2641; x_wconf 93' lang='lat' dir='ltr'>non</span> <span class='ocrx_word' id='word_1_210' title='bbox 258 2582 363 2660; x_wconf 89' lang='lat' dir='ltr'>dignus</span> <span class='ocrx_word' id='word_1_211' title='bbox 378 2594 496 2642; x_wconf 89' lang='lat' dir='ltr'>omatus</span> <span class='ocrx_word' id='word_1_212' title='bbox 519 2595 548 2642; x_wconf 93' lang='lat' dir='ltr'>et</span> <span class='ocrx_word' id='word_1_213' title='bbox 562 2583 632 2642; x_wconf 90' lang='lat' dir='ltr'>huic</span> <span class='ocrx_word' id='word_1_214' title='bbox 645 2583 738 2642; x_wconf 88' lang='lat' dir='ltr'>simile</span> <span class='ocrx_word' id='word_1_215' title='bbox 751 2583 854 2642; x_wconf 91' lang='lat' dir='ltr'>vitium</span> <span class='ocrx_word' id='word_1_216' title='bbox 868 2583 898 2641; x_wconf 94' lang='lat' dir='ltr'>in</span> <span class='ocrx_word' id='word_1_217' title='bbox 912 2596 995 2661; x_wconf 91' lang='lat' dir='ltr'>gestu</span> <span class='ocrx_word' id='word_1_218' title='bbox 1009 2598 1151 2662; x_wconf 91' lang='lat' dir='ltr'>motuque</span> 
     </span>
     <span class='ocr_line' id='line_1_26' title="bbox 108 2679 1194 2756; baseline 0.008 -21"><span class='ocrx_word' id='word_1_219' title='bbox 108 2688 250 2738; x_wconf 90' lang='lat' dir='ltr'>caveatur.</span> <span class='ocrx_word' id='word_1_220' title='bbox 294 2681 372 2737; x_wconf 88' lang='lat' dir='ltr'>Nam</span> <span class='ocrx_word' id='word_1_221' title='bbox 388 2690 418 2738; x_wconf 92' lang='lat' dir='ltr'>et</span> <span class='ocrx_word' id='word_1_222' title='bbox 437 2679 599 2754; x_wconf 88' lang='lat' dir='ltr'>palaestrici</span> <span class='ocrx_word' id='word_1_223' title='bbox 620 2690 718 2738; x_wconf 89' lang='lat' dir='ltr'>motus</span> <span class='ocrx_word' id='word_1_224' title='bbox 740 2689 807 2737; x_wconf 92' lang='lat' dir='ltr'>sunt</span> <span class='ocrx_word' id='word_1_225' title='bbox 830 2698 918 2756; x_wconf 88' lang='lat' dir='ltr'>saepe</span> <span class='ocrx_word' id='word_1_226' title='bbox 940 2680 1101 2741; x_wconf 90' lang='lat' dir='ltr'>odiosiores</span> <span class='ocrx_word' id='word_1_227' title='bbox 1121 2694 1194 2755; x_wconf 79' lang='lat' dir='ltr'>et25</span> 
     </span>
     <span class='ocr_line' id='line_1_27' title="bbox 108 2759 1151 2852; baseline 0.004 -21"><span class='ocrx_word' id='word_1_228' title='bbox 108 2773 281 2833; x_wconf 90' lang='lat' dir='ltr'>histrionum</span> <span class='ocrx_word' id='word_1_229' title='bbox 296 2759 356 2833; x_wconf 93' lang='lat' dir='ltr'>non</span> <span class='ocrx_word' id='word_1_230' title='bbox 377 2775 449 2833; x_wconf 93' lang='lat' dir='ltr'>nulli</span> <span class='ocrx_word' id='word_1_231' title='bbox 467 2785 565 2851; x_wconf 92' lang='lat' dir='ltr'>gestus</span> <span class='ocrx_word' id='word_1_232' title='bbox 585 2773 701 2850; x_wconf 91' lang='lat' dir='ltr'>ineptiis</span> <span class='ocrx_word' id='word_1_233' title='bbox 719 2794 780 2833; x_wconf 92' lang='lat' dir='ltr'>non</span> <span class='ocrx_word' id='word_1_234' title='bbox 798 2785 902 2833; x_wconf 89' lang='lat' dir='ltr'>vacant</span> <span class='ocrx_word' id='word_1_235' title='bbox 928 2786 958 2834; x_wconf 90' lang='lat' dir='ltr'>et</span> <span class='ocrx_word' id='word_1_236' title='bbox 979 2775 1010 2833; x_wconf 93' lang='lat' dir='ltr'>in</span> <span class='ocrx_word' id='word_1_237' title='bbox 1027 2787 1151 2852; x_wconf 91' lang='lat' dir='ltr'>utroque</span> 
     </span>
     <span class='ocr_line' id='line_1_28' title="bbox 108 2871 1152 2948; baseline 0.004 -20"><span class='ocrx_word' id='word_1_238' title='bbox 108 2889 213 2946; x_wconf 87' lang='lat' dir='ltr'>genere</span> <span class='ocrx_word' id='word_1_239' title='bbox 228 2890 303 2945; x_wconf 85' lang='lat' dir='ltr'>qnae</span> <span class='ocrx_word' id='word_1_240' title='bbox 318 2882 385 2929; x_wconf 89' lang='lat' dir='ltr'>sunt</span> <span class='ocrx_word' id='word_1_241' title='bbox 399 2882 478 2930; x_wconf 88' lang='lat' dir='ltr'>recta</span> <span class='ocrx_word' id='word_1_242' title='bbox 493 2882 523 2931; x_wconf 89' lang='lat' dir='ltr'>et</span> <span class='ocrx_word' id='word_1_243' title='bbox 541 2871 684 2948; x_wconf 91' lang='lat' dir='ltr'>simplicia</span> <span class='ocrx_word' id='word_1_244' title='bbox 701 2873 864 2931; x_wconf 90' lang='lat' dir='ltr'>laudantur.</span> <span class='ocrx_word' id='word_1_245' title='bbox 907 2874 1031 2931; x_wconf 87' lang='lat' dir='ltr'>Formae</span> <span class='ocrx_word' id='word_1_246' title='bbox 1052 2885 1152 2934; x_wconf 89' lang='lat' dir='ltr'>autem</span> 
     </span>
     <span class='ocr_line' id='line_1_29' title="bbox 109 2966 1153 3045; baseline 0.004 -19"><span class='ocrx_word' id='word_1_247' title='bbox 109 2967 235 3045; x_wconf 88' lang='lat' dir='ltr'>dignitas</span> <span class='ocrx_word' id='word_1_248' title='bbox 248 2967 353 3027; x_wconf 91' lang='lat' dir='ltr'>coloris</span> <span class='ocrx_word' id='word_1_249' title='bbox 367 2966 498 3029; x_wconf 88' lang='lat' dir='ltr'>bonitate</span> <span class='ocrx_word' id='word_1_250' title='bbox 517 2970 628 3028; x_wconf 90' lang='lat' dir='ltr'>tuenda</span> <span class='ocrx_word' id='word_1_251' title='bbox 645 2980 698 3040; x_wconf 92' lang='lat' dir='ltr'>est,</span> <span class='ocrx_word' id='word_1_252' title='bbox 716 2970 797 3027; x_wconf 92' lang='lat' dir='ltr'>color</span> <span class='ocrx_word' id='word_1_253' title='bbox 817 2967 1071 3029; x_wconf 88' lang='lat' dir='ltr'>exercitationibus</span> <span class='ocrx_word' id='word_1_254' title='bbox 1090 2989 1153 3030; x_wconf 88' lang='lat' dir='ltr'>cor-</span> 
     </span>
     <span class='ocr_line' id='line_1_30' title="bbox 108 3065 1151 3144; baseline 0.004 -19"><span class='ocrx_word' id='word_1_255' title='bbox 108 3068 194 3143; x_wconf 90' lang='lat' dir='ltr'>poris.</span> <span class='ocrx_word' id='word_1_256' title='bbox 237 3068 416 3127; x_wconf 91' lang='lat' dir='ltr'>Adhibenda</span> <span class='ocrx_word' id='word_1_257' title='bbox 435 3079 584 3143; x_wconf 89' lang='lat' dir='ltr'>praeterea</span> <span class='ocrx_word' id='word_1_258' title='bbox 603 3067 748 3126; x_wconf 89' lang='lat' dir='ltr'>munditia</span> <span class='ocrx_word' id='word_1_259' title='bbox 768 3078 812 3127; x_wconf 91' lang='lat' dir='ltr'>est</span> <span class='ocrx_word' id='word_1_260' title='bbox 835 3080 896 3126; x_wconf 89' lang='lat' dir='ltr'>non</span> <span class='ocrx_word' id='word_1_261' title='bbox 924 3065 1027 3125; x_wconf 90' lang='lat' dir='ltr'>odiosa</span> <span class='ocrx_word' id='word_1_262' title='bbox 1054 3087 1151 3144; x_wconf 91' lang='lat' dir='ltr'>neque</span> 
     </span>
     <span class='ocr_line' id='line_1_31' title="bbox 106 3163 1196 3243; baseline 0.001 -18"><span class='ocrx_word' id='word_1_263' title='bbox 106 3166 252 3243; x_wconf 89' lang='lat' dir='ltr'>exquisita</span> <span class='ocrx_word' id='word_1_264' title='bbox 272 3166 366 3239; x_wconf 90' lang='lat' dir='ltr'>nimis,</span> <span class='ocrx_word' id='word_1_265' title='bbox 389 3178 502 3224; x_wconf 90' lang='lat' dir='ltr'>tantum</span> <span class='ocrx_word' id='word_1_266' title='bbox 524 3185 600 3242; x_wconf 89' lang='lat' dir='ltr'>quae</span> <span class='ocrx_word' id='word_1_267' title='bbox 621 3165 711 3242; x_wconf 84' lang='lat' dir='ltr'>fugiat</span> <span class='ocrx_word' id='word_1_268' title='bbox 731 3177 874 3241; x_wconf 89' lang='lat' dir='ltr'>agrestem</span> <span class='ocrx_word' id='word_1_269' title='bbox 902 3175 932 3223; x_wconf 90' lang='lat' dir='ltr'>et</span> <span class='ocrx_word' id='word_1_270' title='bbox 958 3163 1150 3224; x_wconf 90' lang='lat' dir='ltr'>inhumanam</span> <span class='ocrx_word' id='word_1_271' title='bbox 1164 3192 1196 3242; x_wconf 78' lang='lat'>30</span> 
     </span>
     <span class='ocr_line' id='line_1_32' title="bbox 107 3261 1151 3341; baseline 0.002 -20"><span class='ocrx_word' id='word_1_272' title='bbox 107 3261 329 3341; x_wconf 88' lang='lat' dir='ltr'>neglegentiam.</span> <span class='ocrx_word' id='word_1_273' title='bbox 373 3263 487 3322; x_wconf 90' lang='lat' dir='ltr'>Eadem</span> <span class='ocrx_word' id='word_1_274' title='bbox 501 3263 574 3322; x_wconf 89' lang='lat' dir='ltr'>ratio</span> <span class='ocrx_word' id='word_1_275' title='bbox 588 3274 632 3322; x_wconf 89' lang='lat' dir='ltr'>est</span> <span class='ocrx_word' id='word_1_276' title='bbox 649 3263 786 3321; x_wconf 87' lang='lat' dir='ltr'>habenda</span> <span class='ocrx_word' id='word_1_277' title='bbox 798 3261 926 3334; x_wconf 91' lang='lat' dir='ltr'>vestitus,</span> <span class='ocrx_word' id='word_1_278' title='bbox 942 3261 973 3320; x_wconf 93' lang='lat' dir='ltr'>in</span> <span class='ocrx_word' id='word_1_279' title='bbox 992 3282 1061 3338; x_wconf 93' lang='lat' dir='ltr'>quo,</span> <span class='ocrx_word' id='word_1_280' title='bbox 1075 3263 1151 3324; x_wconf 90' lang='lat' dir='ltr'>sicut</span> 
     </span>
     <span class='ocr_line' id='line_1_33' title="bbox 106 3358 1150 3435; baseline 0.003 -19"><span class='ocrx_word' id='word_1_281' title='bbox 106 3358 137 3416; x_wconf 93' lang='lat' dir='ltr'>in</span> <span class='ocrx_word' id='word_1_282' title='bbox 158 3358 303 3435; x_wconf 91' lang='lat' dir='ltr'>plerisque</span> <span class='ocrx_word' id='word_1_283' title='bbox 324 3359 418 3430; x_wconf 78' lang='lat' dir='ltr'>rebuS,</span> <span class='ocrx_word' id='word_1_284' title='bbox 441 3358 627 3418; x_wconf 89' lang='lat' dir='ltr'>mediocritas</span> <span class='ocrx_word' id='word_1_285' title='bbox 646 3358 758 3434; x_wconf 90' lang='lat' dir='ltr'>optima</span> <span class='ocrx_word' id='word_1_286' title='bbox 776 3369 828 3417; x_wconf 89' lang='lat' dir='ltr'>est.</span> <span class='ocrx_word' id='word_1_287' title='bbox 874 3376 939 3432; x_wconf 87' lang='lat'><strong>131.</strong></span> <span class='ocrx_word' id='word_1_288' title='bbox 975 3360 1150 3419; x_wconf 89' lang='lat' dir='ltr'>Cavendum</span> 
     </span>
     <span class='ocr_line' id='line_1_34' title="bbox 107 3453 1149 3531; baseline 0.002 -18"><span class='ocrx_word' id='word_1_289' title='bbox 107 3466 205 3515; x_wconf 89' lang='lat' dir='ltr'>autern</span> <span class='ocrx_word' id='word_1_290' title='bbox 224 3467 268 3515; x_wconf 90' lang='lat' dir='ltr'>est</span> <span class='ocrx_word' id='word_1_291' title='bbox 287 3475 324 3515; x_wconf 91' lang='lat' dir='ltr'>ne</span> <span class='ocrx_word' id='word_1_292' title='bbox 347 3467 396 3515; x_wconf 87' lang='lat' dir='ltr'>aut</span> <span class='ocrx_word' id='word_1_293' title='bbox 415 3455 598 3515; x_wconf 88' lang='lat' dir='ltr'>tarditatibus</span> <span class='ocrx_word' id='word_1_294' title='bbox 621 3467 737 3514; x_wconf 88' lang='lat' dir='ltr'>utamur</span> <span class='ocrx_word' id='word_1_295' title='bbox 755 3453 786 3512; x_wconf 91' lang='lat' dir='ltr'>in</span> <span class='ocrx_word' id='word_1_296' title='bbox 808 3453 938 3531; x_wconf 91' lang='lat' dir='ltr'>ingressu</span> <span class='ocrx_word' id='word_1_297' title='bbox 960 3455 1149 3530; x_wconf 88' lang='lat' dir='ltr'>mollioribus,</span> 
     </span>
     <span class='ocr_line' id='line_1_35' title="bbox 107 3549 1151 3629; baseline 0.001 -19"><span class='ocrx_word' id='word_1_298' title='bbox 107 3563 140 3612; x_wconf 94' lang='lat' dir='ltr'>ut</span> <span class='ocrx_word' id='word_1_299' title='bbox 160 3572 332 3629; x_wconf 90' lang='lat' dir='ltr'>pompamm</span> <span class='ocrx_word' id='word_1_300' title='bbox 354 3552 468 3612; x_wconf 85' lang='lat' dir='ltr'>ferculis</span> <span class='ocrx_word' id='word_1_301' title='bbox 489 3553 598 3612; x_wconf 90' lang='lat' dir='ltr'>similes</span> <span class='ocrx_word' id='word_1_302' title='bbox 618 3571 682 3613; x_wconf 91' lang='lat' dir='ltr'>esse</span> <span class='ocrx_word' id='word_1_303' title='bbox 700 3551 860 3624; x_wconf 89' lang='lat' dir='ltr'>videamur,</span> <span class='ocrx_word' id='word_1_304' title='bbox 874 3562 926 3609; x_wconf 93' lang='lat' dir='ltr'>aut</span> <span class='ocrx_word' id='word_1_305' title='bbox 942 3549 972 3609; x_wconf 90' lang='lat' dir='ltr'>in</span> <span class='ocrx_word' id='word_1_306' title='bbox 993 3551 1151 3611; x_wconf 81' lang='lat' dir='ltr'>festinatio·</span> 
     </span>
     <span class='ocr_line' id='line_1_36' title="bbox 108 3647 1193 3724; baseline 0.003 -19"><span class='ocrx_word' id='word_1_307' title='bbox 108 3647 194 3706; x_wconf 89' lang='lat' dir='ltr'>nibus</span> <span class='ocrx_word' id='word_1_308' title='bbox 210 3647 403 3724; x_wconf 88' lang='lat' dir='ltr'>suscipiamus</span> <span class='ocrx_word' id='word_1_309' title='bbox 417 3649 522 3708; x_wconf 89' lang='lat' dir='ltr'>nimias</span> <span class='ocrx_word' id='word_1_310' title='bbox 536 3649 706 3721; x_wconf 89' lang='lat' dir='ltr'>celeritates,</span> <span class='ocrx_word' id='word_1_311' title='bbox 737 3667 812 3724; x_wconf 89' lang='lat' dir='ltr'>quae</span> <span class='ocrx_word' id='word_1_312' title='bbox 826 3669 895 3708; x_wconf 91' lang='lat' dir='ltr'>cum</span> <span class='ocrx_word' id='word_1_313' title='bbox 908 3650 989 3721; x_wconf 88' lang='lat' dir='ltr'>fiunt,</span> <span class='ocrx_word' id='word_1_314' title='bbox 1004 3647 1150 3708; x_wconf 89' lang='lat' dir='ltr'>anhelitus</span> <span class='ocrx_word' id='word_1_315' title='bbox 1163 3673 1193 3722; x_wconf 71' lang='lat'>35</span> 
     </span>
     <span class='ocr_line' id='line_1_37' title="bbox 108 3745 1150 3833; baseline 0.005 -32"><span class='ocrx_word' id='word_1_316' title='bbox 108 3756 270 3816; x_wconf 90' lang='lat' dir='ltr'>moventur,</span> <span class='ocrx_word' id='word_1_317' title='bbox 291 3746 387 3804; x_wconf 91' lang='lat' dir='ltr'>vultus</span> <span class='ocrx_word' id='word_1_318' title='bbox 408 3757 564 3814; x_wconf 89' lang='lat' dir='ltr'>mutantur,</span> <span class='ocrx_word' id='word_1_319' title='bbox 575 3766 630 3833; x_wconf 16' lang='lat' dir='ltr'>*ora</span> <span class='ocrx_word' id='word_1_320' title='bbox 650 3756 839 3822; x_wconf 91' lang='lat' dir='ltr'>torquentur;</span> <span class='ocrx_word' id='word_1_321' title='bbox 860 3745 1023 3822; x_wconf 86' lang='lat' dir='ltr'>exquibus</span> <span class='ocrx_word' id='word_1_322' title='bbox 1044 3765 1150 3824; x_wconf 89' lang='lat' dir='ltr'>magna</span> 
     </span>
    </p>
   </div>
   <div class='ocr_carea' id='block_1_3' title="bbox 106 3841 1149 3923">
    <p class='ocr_par' dir='ltr' id='par_1_4' title="bbox 106 3841 1149 3923">
     <span class='ocr_line' id='line_1_38' title="bbox 106 3841 1149 3923; baseline 0.001 -22"><span class='ocrx_word' id='word_1_323' title='bbox 106 3841 279 3923; x_wconf 83' lang='lat' dir='ltr'>significatio</span> <span class='ocrx_word' id='word_1_324' title='bbox 293 3844 325 3901; x_wconf 88' lang='lat' dir='ltr'>fit</span> <span class='ocrx_word' id='word_1_325' title='bbox 339 3862 399 3901; x_wconf 91' lang='lat' dir='ltr'>non</span> <span class='ocrx_word' id='word_1_326' title='bbox 413 3844 516 3905; x_wconf 88' lang='lat' dir='ltr'>adesse</span> <span class='ocrx_word' id='word_1_327' title='bbox 530 3843 733 3905; x_wconf 87' lang='lat' dir='ltr'>constantiam</span> <span class='ocrx_word' id='word_1_328' title='bbox 777 3845 837 3906; x_wconf 89' lang='lat' dir='ltr'>Sed</span> <span class='ocrx_word' id='word_1_329' title='bbox 850 3845 942 3905; x_wconf 90' lang='lat' dir='ltr'>multo</span> <span class='ocrx_word' id='word_1_330' title='bbox 956 3843 1046 3904; x_wconf 89' lang='lat' dir='ltr'>etiam</span> <span class='ocrx_word' id='word_1_331' title='bbox 1056 3843 1149 3920; x_wconf 89' lang='lat' dir='ltr'>magis</span> 
     </span>
    </p>
   </div>
   <div class='ocr_carea' id='block_1_4' title="bbox 0 0 1341 4296">
    <p class='ocr_par' dir='ltr' id='par_1_5' title="bbox 0 0 1341 4296">
     <span class='ocr_line' id='line_1_39' title="bbox 0 0 1341 4296; baseline 0 0"><span class='ocrx_word' id='word_1_332' title='bbox 0 0 1341 4296; x_wconf 95' lang='lat' dir='ltr'> </span> 
     </span>
    </p>
   </div>
  </div>
 </body>
</html>
