2670 4296
159 218 221 274 ἠ
411 219 462 277 De
478 220 595 278 secundo
614 219 699 295 offic&
708 219 792 296 fona
809 219 869 280 siae
886 221 1006 280 Iustitia
1072 217 1100 302 [Ι
1115 237 1174 280 v111
1190 222 1227 282 26

182 387 235 450 est,
250 377 304 436 sed
317 377 456 454 fugienda
469 399 585 457 semper
599 380 702 440 iniuria
716 393 768 442 est.
813 385 858 442 26.
902 384 1045 441 Maxume
1059 394 1158 442 autem
1178 385 1229 444 ad·

182 519 224 559 m„
233 533 290 562 more
303 521 360 562 osten
374 521 400 563 os
432 476 580 557 ducuntur
593 477 734 554 plerique,
746 489 778 538 ut
792 497 843 538 eos
857 477 983 538 iustitiae
997 478 1093 556 capiat
1108 478 1228 554 oblivio,

183 571 393 664 Glfggssffe‘i'ffi
430 593 500 634 cum
508 574 539 632 in
550 574 739 651 imperiorum
752 576 899 635 honorum
912 575 1021 653 gloriae
1034 577 1228 653 cupiditatem

181 670 307 715 orcam
431 671 605 731 inciderunt.
649 672 739 745 Quod
753 671 833 730 enim
847 681 891 730 est
904 673 985 748 apud
1000 671 1149 734 Ennium:

614 783 687 832 ndlla
703 791 787 832 sancta
803 783 905 842 sdcr'etas,
1259 799 1273 849 5

389 863 429 913 nat
438 866 503 928 fides
519 865 589 928 regni
603 864 679 925 est,-

181 961 213 1024 id
232 962 318 1024 latius
338 975 427 1042 patet.
471 965 550 1022 Nam
570 961 714 1038 quidquid
730 961 793 1021 eius
812 961 895 1022 modi
909 961 997 1022 estin
1012 981 1071 1039 quo
1085 982 1147 1022 non
1162 962 1227 1040 p'os-

181 1059 239 1120 sint
259 1062 356 1137 plures
376 1061 527 1136 excellere,
549 1059 579 1117 in
601 1077 637 1118 eo
658 1059 689 1117 fit
710 1059 884 1134 plerumque
905 1069 986 1119 tanta
1013 1059 1173 1133 contentio,
1194 1070 1227 1120 ut

182 1156 387 1216 difficillimum
411 1157 448 1216 sit
470 1174 583 1215 servare
603 1161 743 1213 ‘sanctam
771 1154 959 1218 societatem’.
1001 1154 1169 1214 Declaravit
1195 1154 1227 1222 id

181 1254 274 1312 modo
302 1253 450 1312 temeritas
479 1254 513 1313 C.
537 1250 678 1323 Caesaris,
709 1250 760 1326 qui
787 1251 888 1310 omnia
910 1250 973 1310 iura
993 1250 1092 1311 divina
1119 1261 1149 1311 et
1175 1251 1228 1311 hu·
1242 1284 1274 1320 10

181 1368 270 1408 mana
289 1349 425 1426 pervertit
446 1359 565 1424 propter
584 1366 662 1419 eum,
684 1366 774 1422 quem
790 1347 850 1413 ‚sibi
870 1346 934 1423 ipse
955 1346 1103 1423 opinionis
1131 1366 1227 1407 errore

180 1446 311 1517 finxerat,
331 1444 535 1520 principatum.
580 1445 632 1502 Est
653 1455 753 1502 autem
780 1442 811 1502 in
838 1445 897 1504 hoc
923 1463 1030 1520 genere
1057 1445 1224 1518 molestum,

181 1542 263 1618 quod
276 1539 306 1599 in
321 1540 454 1599 maximis
469 1539 574 1599 animis
589 1538 892 1616 splendidissimisque
908 1539 1032 1616 ingeniis
1053 1541 1227 1617 plerumque

181 1636 310 1696 existunt
337 1635 458 1697 honoris
482 1635 604 1711 imperii,
627 1635 777 1710 potentiae
796 1636 906 1713 gloriae
927 1636 1111 1713 cupiditates.
1155 1638 1224 1712 Quo

181 1732 273 1809 magis
293 1734 458 1792 cavendum
473 1745 517 1792 est
531 1751 569 1791 ne
584 1732 657 1807 quid
671 1731 700 1790 in
716 1751 752 1792 eo
766 1751 873 1808 genere
888 1744 1033 1808 peccetur.
1078 1749 1124 1807 27.
1166 1734 1225 1793 Sed
1241 1759 1270 1810 15

205 1851 276 1892 There
285 1849 324 1891 rsa
332 1859 393 1901 great
431 1829 463 1888 in
477 1827 558 1889 omni
572 1827 713 1887 iniustitia
726 1831 904 1904 permultum
918 1828 1038 1889 interest
1052 1841 1149 1888 utrum
1163 1848 1226 1905 per-

179 1901 395 1942 distinctionbetween
528 1926 534 1938 .
646 1925 651 1935 -
774 1925 779 1937 .
816 1925 821 1937 .
1202 1924 1208 1936 .

179 1951 391 2002 wrongscommnter
429 1928 595 1987 turbatione
615 1926 713 2001 aliqua
733 1945 832 1998 animi,
848 1945 924 2002 quae
942 1927 1116 2002 plerumque
1129 1927 1225 1985 brevis

178 2001 392 2100 giflssfflfffiss
429 2035 472 2083 est
495 2034 524 2083 et
547 2024 587 2083 ad
610 2033 735 2098 tempus,
758 2042 797 2082 an
822 2024 957 2083 consulto
978 2033 1007 2082 et
1028 2022 1154 2099 cogitata
1174 2024 1225 2082 fiat

129 2118 131 2124 ’
179 2101 306 2192 ξῇξῗώᾚ
327 2100 391 2190 &iffi
429 2118 540 2176 iniuria
584 2117 708 2177 Leviora
728 2117 808 2177 enim
829 2129 897 2177 sunt
918 2137 954 2178 ea
974 2137 1051 2194 quae
1070 2117 1225 2194 repentino

180 2200 389 2251 ²⁰⁶¹9¹⁸¹¹¹“¹³‘²‘⁶‘¹·
429 2214 528 2290 aliquo
548 2224 632 2272 motu
652 2213 799 2286 accidunt,
821 2232 910 2289 quam
931 2233 967 2273 ea
988 2234 1063 2290 quae
1083 2216 1226 2277 meditata
1237 2247 1271 2284 20

178 2326 208 2376 et
223 2327 394 2394 praeparata
407 2313 576 2372 inseruntur.
619 2311 665 2368 Ac
680 2310 718 2368 de
731 2309 884 2370 inferenda
898 2309 1019 2386 quidem
1032 2309 1137 2370 iniuria
1155 2312 1224 2373 satis

126 2424 165 2473 IX
179 2412 291 2472 dictum
326 2423 378 2472 est,
437 2410 481 2467 28.
534 2404 811 2465 Praetermittendae
842 2417 940 2465 autem
968 2406 1148 2467 defensionis
1175 2410 1225 2470 de·
1263 2463 1265 2468 ,

202 2510 224 2556 β.
252 2506 299 2548 The
316 2519 390 2548 causes
428 2501 603 2577 serendique
641 2501 729 2561 officii
763 2503 859 2577 plures
894 2503 989 2562 solent
1017 2522 1081 2562 esse
1108 2513 1222 2566 causae

178 2556 247 2597 which
258 2557 306 2597 lead
319 2565 341 2597 to
354 2557 390 2596 the

169 2607 395 2708 4ῗζξξίζξξξὲάἰξξτῐξξ
430 2603 509 2660 Nam
536 2609 585 2658 aut
606 2597 773 2657 inimicitias
794 2609 844 2658 aut
865 2599 996 2659 laborem
1012 2611 1067 2676 [aut
1089 2612 1222 2678 sumptus

177 2706 392 2797 gqnngorencqqar
429 2694 576 2772 suscipere
596 2695 701 2754 nolunt
722 2706 771 2753 aut
792 2694 880 2754 etiam
901 2697 1087 2773 neglegentia
1107 2698 1222 2775 pigritia
1236 2730 1267 2781 ²5.

178 2770 307 2849 ieniipeeicfe'
338 2771 351 2797 ⁰
367 2770 390 2796 θ’
428 2791 533 2851 inertia
552 2803 603 2851 aut
624 2791 683 2850 suis
705 2791 807 2851 studiis
828 2791 1005 2868 quibusdam
1026 2794 1224 2870 occupationi·

177 2890 270 2948 busve
284 2888 326 2949 sic
340 2887 548 2965 impediuntur,
564 2898 596 2946 ut
610 2906 661 2946 eos
676 2906 750 2962 quos
765 2887 851 2946 tutari
866 2888 993 2947 debeant
1008 2890 1139 2949 desertos
1158 2909 1223 2952 esse

175 2984 329 3062 patiantur.
382 2987 487 3061 Itaque
516 2984 679 3043 videndum
707 2995 751 3043 est
777 3003 816 3043 ne
846 3003 908 3044 non
929 2984 997 3043 satis
1025 2985 1062 3044 sit
1088 2985 1121 3045 id
1141 2987 1223 3062 quod

176 3082 256 3157 apud
278 3083 435 3142 Platonem
455 3091 500 3141 est
520 3079 552 3139 in
572 3079 765 3156 philosophos
786 3079 912 3140 dictum:
934 3082 1016 3156 quod
1042 3080 1074 3139 in
1093 3081 1155 3141 veri
1181 3082 1224 3142 in-

175 3177 369 3253 vestigatione
390 3189 542 3236 versentur
564 3176 704 3252 quodque
725 3196 768 3249 ea,
785 3196 860 3253 quae
880 3177 1013 3253 plerique
1033 3179 1223 3240 vehementer
1236 3218 1268 3266 30

175 3283 327 3349 expetunt,
349 3273 387 3332 de
408 3272 514 3348 quibus
534 3271 611 3331 inter
631 3291 662 3331 se
683 3271 836 3348 digladiari
856 3275 960 3346 solent,
982 3284 1174 3334 contemnant
1193 3285 1223 3335 et

175 3389 228 3446 pro
242 3368 334 3428 nihilo
347 3379 460 3444 putent,
476 3379 630 3445 propterea
644 3367 735 3427 iustos
749 3388 821 3428 esse.
864 3370 1080 3458 Namtalterum
1095 3369 1223 3432 iustitiae

175 3482 268 3540 genus
289 3474 494 3540 assequuntur,
517 3460 573 3545 [in]
602 3463 755 3524 inferenda
778 3483 816 3523 ne
832 3463 886 3522 eni
906 3475 1033 3524 noceant
1054 3464 1167 3540 iniuria,
1189 3464 1221 3527 in

226 3643 257 3678 ro
267 3635 341 3694 atque
351 3629 461 3678 humana
475 3629 511 3679 Or
530 3633 539 3688 ll
562 3630 590 3679 18
602 3631 709 3694 cogitate
723 3630 774 3680 Or:
790 3629 899 3693 cogitato
909 3629 1018 3692 Madvig
1033 3631 1043 3687 ΙΙ
1064 3643 1092 3691 3ῐ
1105 3636 1222 3694 expetant

176 3709 302 3759 ...soleant
312 3711 353 3759 Ba
383 3714 392 3768 ΙΙ
424 3723 453 3771 33
470 3711 576 3760 iustitiae
587 3726 664 3774 genus
675 3726 723 3758 om.
734 3711 780 3768 Or,
792 3711 865 3760 Beier
890 3713 900 3767 ll
928 3723 958 3772 33
970 3710 996 3758 in
1012 3709 1140 3760 inferenda
1150 3709 1217 3759 codd.

173 3789 221 3852 [in]
235 3789 362 3839 inferenda
380 3791 431 3841 Or:
446 3798 474 3840 ut
490 3791 617 3841 inserenda
633 3791 712 3840 Halm
743 3794 752 3849 ΙΙ
784 3807 814 3854 33
832 3791 857 3840 in
874 3792 978 3841 alterum
995 3792 1106 3841 incidunt
1119 3791 1221 3842 Orcum

172 3876 232 3932 cett,
247 3871 302 3920 vide
311 3877 362 3921 not.
