2670 4296
216 243 271 288 102
469 229 519 288 De
535 231 699 289 contentione
717 231 839 290 Honesti
856 227 995 290 et'Utilis
1089 197 1152 311 [111
1169 248 1200 289 1v
1217 233 1252 306 17

213 343 382 352 ——n--·—

212 396 254 457 illi
275 397 397 476 quidem
419 411 541 477 septem,
565 400 619 460 sed
645 419 682 460 ex
709 393 884 459 mediorum
899 399 1061 459 officiorum
1084 399 1248 476 frequentia

212 493 434 556 similitudinem
448 496 598 573 quandam
619 492 759 574 gerebant
773 495 960 572 speciemque
975 495 1158 574 sapientium.
1204 515 1248 572 17.

214 590 361 666 Quocirca
374 612 433 654 nec
445 592 484 666 id,
500 595 582 670 quod
595 613 662 653 vere
676 594 834 652 honestum
855 603 907 666 est,
923 594 966 669 fas
980 606 1024 653 est
1038 585 1107 652 cum
1121 593 1251 654 utilitatis

211 688 402 766 repugnantia
423 689 585 766 comparari
604 679 662 749 'nec
684 689 723 762 id,
750 691 831 765 quod
853 687 1048 751 communiter
1069 691 1250 768 appellamus

211 782 376 858 honestum,
392 787 474 861 quod
487 785 592 845 colitur
604 786 642 845 ab
656 785 691 845 iis
705 786 756 861 qui
774 786 869 845 bonos
888 805 919 845 se
933 785 1010 844 viros
1024 785 1124 845 haberi
1138 787 1247 858 volunt,
1283 807 1296 854 5

211 899 279 939 cum
302 870 508 942 emolumentis
523 879 671 958 'umquam
692 887 745 942 est'
758 883 999 960 comparandum,
1015 893 1133 958 tamque
1152 882 1184 941 id
1198 884 1249 942 ho-

211 987 337 1051 nestum,
350 979 431 1055 quod
445 977 476 1036 in
490 989 620 1039 nostram
635 977 863 1056 intellegentiam
877 979 965 1058 cadit,
977 979 1121 1038 tuendum
1136 1000 1251 1039 conser-

211 1077 401 1153 vandumque
415 1075 502 1136 nobis
516 1087 560 1137 est
574 1096 663 1153 quam
676 1077 758 1149 illud,
774 1079 856 1153 quod
874 1077 990 1154 proprie
1004 1076 1110 1136 dicitur
1123 1097 1250 1154 vereque

213 1182 258 1231 est
278 1162 653 1248 honestum„sapientibus.
688 1173 782 1233 Aliter
802 1172 881 1232 enim
902 1171 994 1247 teneri
1015 1191 1075 1233 non
1095 1184 1200 1248 potest,
1223 1173 1248 1232 si

178 1299 179 1302 ¹
213 1288 288 1346 quae
311 1270 350 1328 ad
370 1267 507 1328 virtutem
529 1281 574 1330 est
595 1260 671 1329 facta
692 1270 862 1348 progressio
900 1271 959 1331 Sed
980 1271 1054 1331 haec
1076 1270 1197 1348 quidem
1212 1272 1250 1331 de
1268 1298 1296 1331 10

212 1363 256 1447 iis,
277 1363 327 1441 qui
351 1366 572 1426 conservatione
594 1367 757 1426 officiorum
777 1360 979 1427 existimantur
998 1365 1077 1426 boni.
1123 1369 1168 1426 18.
1192 1366 1252 1441 Qui

212 1474 311 1524 autem
336 1463 436 1522 omnia
459 1464 620 1526 metiuntur
639 1464 844 1526 emolumentis
864 1475 894 1525 et
914 1464 1079 1525 commodis
1099 1483 1196 1541 neque
1216 1483 1252 1524 ea

211 1561 315 1620 volunt
329 1562 555 1637 praeponderari
573 1564 736 1635 honestate,
751 1561 772 1621 ii
786 1563 880 1621 solent
895 1560 926 1621 in
940 1561 1131 1622 deliberando
1145 1564 1250 1622 hones-

212 1664 276 1717 tum
299 1676 368 1716 cum
392 1677 438 1730 e0,
463 1661 546 1736 quod
569 1661 640 1722 utile
664 1668 777 1738 putant,
802 1680 982 1738 comparare,
1017 1661 1089 1721 boni
1112 1660 1165 1721 viri
1189 1680 1249 1720 non

245 1795 374 1825 »tutunus
461 1758 564 1817 solent
598 1759 704 1833 Itaque
718 1756 853 1817 existimo
868 1756 1049 1830 Panaetium,
1064 1776 1132 1816 cum
1146 1757 1250 1817 dixerit
1266 1778 1291 1826 15

211 1846 281 1876 meant
295 1835 340 1875 that
361 1835 431 1884 Expe-
536 1856 543 1869 .
736 1856 742 1869 ·
1020 1855 1025 1867 .
1172 1855 1179 1868 .

210 1886 287 1935 diency
305 1885 322 1924 ts
339 1884 368 1934 sy
382 1898 430 1925 me„
464 1860 597 1918 hommes
619 1860 765 1918 solerem
788 1860 844 1917 hac
866 1870 1086 1931 comparatione
1108 1857 1250 1927 dubitare,

210 1934 429 2035 ffiifflflgssffgffi
462 1948 520 2008 hoc
534 1947 630 2024 ipsum
645 1946 778 2019 sensisse,
794 1948 876 2024 quod
890 1945 1003 2019 dixerit,
1016 1948 1133 2007 ‘solere'
1147 1946 1248 2019 morlo,

210 2043 232 2077 ΚΟ

209 2086 267 2129 md,
285 2034 426 2125 οξῗζψκξξξζ
460 2063 521 2105 non
535 2044 624 2104 etiam
639 2046 804 2121 ‘oportere'
846 2043 966 2103 Etenim
979 2062 1041 2102 non
1054 2043 1145 2102 modo
1159 2043 1249 2119 pluris

209 2136 429 2227 ξιζῗζῑζζᾟζῐξῇξ
462 2151 565 2218 putare
586 2142 668 2218 quod
687 2140 759 2200 utile
778 2140 912 2200 videatur
932 2158 1022 2215 quam
1042 2139 1125 2214 quod
1145 2141 1249 2200 hones·

209 2236 261 2287 5⁸⁰¹*
293 2235 429 2277 ¹¹¹⁰⁵11²⁸i⁰¹¹·
464 2240 588 2309 tum'est,
604 2239 657 2296 sed
671 2238 745 2297 haec
760 2236 846 2296 etiam
858 2235 933 2296 inter
947 2255 978 2294 se
992 2254 1161 2312 comparare
1175 2245 1205 2295 et
1218 2235 1249 2294 in
1263 2257 1294 2290 20

211 2327 257 2397 his
285 2335 459 2397 addubitare
483 2332 682 2410 turpissimum
706 2342 758 2392 est.
803 2331 883 2408 Quid
911 2351 980 2408 ergo
1008 2341 1060 2403 est,
1084 2332 1166 2407 quod
1188 2352 1248 2392 non

212 2445 374 2510 'numquam
390 2417 391 2421 Ἰ
410 2432 624 2493 dubitationem
659 2430 771 2488 adsene
812 2430 904 2487 soleat
944 2426 1249 2508 considerandumque

212 2533 364 2593 videatur?
404 2533 512 2603 Cred0‚
536 2528 703 2605 siquando
731 2525 876 2585 dubitatio
897 2523 1012 2597 accidit,
1037 2525 1123 2599 quale
1151 2523 1188 2583 sit
1208 2524 1247 2598 id,

210 2630 249 2690 de
271 2649 332 2705 quo
354 2627 562 2689 consideretur.
608 2644 652 2700 19.
695 2626 789 2698 Saepe
812 2613 891 2680 enim
905 2632 1036 2698 tempore
1058 2623 1090 2681 fit
1111 2631 1150 2694 ut,
1167 2624 1249 2697 quod

213 2738 297 2804 turpe
326 2720 499 2803 pleiumque
526 2721 627 2783 haberi
655 2723 756 2793 soleat,
782 2719 946 2779 inveniatur
973 2738 1034 2779 non
1061 2739 1125 2779 esse
1152 2703 1245 2796 turpe.
1262 2746 1290 2798 ²5

212 2824 347 2901 Exempli
369 2843 458 2883 causa
479 2833 605 2899 ponatur
623 2817 734 2894 aliquid
748 2819 830 2894 quod
844 2828 943 2895 pateat
956 2816 1053 2877 latius,
1094 2818 1185 2893 Quod
1198 2837 1249 2894 po·
1288 2809 1290 2815 ¹

210 2933 266 2983 test
288 2921 383 2981 maius
406 2940 469 2981 esse
492 2921 587 2980 scelus
609 2936 698 2993 quam
720 2936 782 2975 non
804 2916 896 2976 modo
918 2915 1077 2987 hominem,
1093 2914 1248 2975 sedetiam

209 3020 380 3080 familiarem
393 3016 545 3079 hominem
560 3013 713 3076 occidere?
744 3017 825 3073 Num
839 3012 924 3090 igitur
938 3031 969 3071 se
984 3011 1115 3071 astrinxit
1129 3014 1245 3086 scelere,

209 3118 234 3179 si
255 3117 306 3195 qui
326 3129 482 3194 tyrannum
496 3113 606 3175 occidit
620 3111 753 3189 quamvis
767 3110 955 3171 familiarem?
996 3111 1111 3186 Populo
1125 3109 1247 3185 quidem

210 3219 348 3275 Romano
371 3234 431 3275 non
453 3211 576 3285 videtur,
601 3211 652 3287 qui
674 3230 710 3271 ex
732 3209 869 3270 omnibus
891 3206 1045 3284 praeclaris
1067 3205 1150 3265 factis
1173 3206 1247 3267 illud
1260 3233 1292 3280 30

208 3307 436 3388 pulcherrimum
450 3307 604 3368 existimat.
647 3305 727 3364 Vicit
743 3324 810 3381 ergo
824 3303 933 3363 utilitas
947 3303 1149 3362 honestatem?
1190 3303 1249 3360 Im·

211 3422 261 3467 mo
275 3425 345 3467 vero
359 3407 498 3465 honestas
512 3404 668 3463 utilitatem
675 3424 684 3476 ;
703 3405 867 3462 honestatem
882 3401 993 3459 utilitas
1006 3409 1106 3458 secuta
1120 3409 1170 3460 est
1183 3473 1185 3478 Α

259 3598 287 3646 19
303 3582 435 3631 honestum
450 3581 482 3630 sit
496 3582 533 3630 Or
542 3583 572 3629 St
582 3588 709 3644 tamquam
720 3581 803 3629 econi.
814 3595 869 3628 cum
879 3579 965 3628 habeat
975 3578 1024 3628 cod.
1036 3579 1114 3627 Bem.
1126 3594 1145 3638 c,
1159 3577 1247 3628 hones-

206 3670 260 3712 tum
271 3671 308 3712 est
318 3663 451 3712 Fleckeisen
462 3663 580 3725 probante
590 3662 670 3710 Heine
717 3664 727 3718 ΙΙ
774 3675 803 3722 31
821 3661 899 3709 immo
913 3676 972 3709 vero
985 3660 1100 3708 honestas
1115 3658 1246 3708 utilitatem

206 3751 290 3794 secuta
301 3744 341 3792 vel
349 3750 480 3792 consecuta
491 3749 528 3791 est
538 3742 612 3798 codd,
627 3742 683 3798 Lu3
698 3741 775 3789 immo
790 3756 848 3789 vero
858 3741 973 3789 honestas
985 3741 1129 3788 utilitatem:
1147 3746 1170 3786 et
1182 3739 1247 3786 utili·

207 3832 245 3874 tas
264 3825 419 3873 honestatem
433 3829 517 3871 secuta
531 3830 568 3871 est
583 3823 695 3885 Ungcrus
708 3822 760 3869 coll.
772 3822 883 3870 Ambros.
897 3820 926 3868 de
939 3819 978 3883 off.
995 3831 1064 3885 1119,
1079 3818 1118 3881 60,
1132 3819 1247 3869 honestas

62 3924 151 4032 Ἰ
207 3905 353 3954 utilitatem:
369 3903 524 3953 honestatem
534 3903 627 3952 utilitas
639 3909 722 3952 secuta
733 3910 769 3951 est
779 3903 820 3951 Ba
831 3901 912 3950 Heius
