2670 4296
99 139 340 223 lxxxvr11137]
414 149 559 212 externam
578 144 689 220 speciem
703 145 829 220 pertinet
1010 134 1014 141 ’
1104 165 1144 223 49

346 313 433 373 rebus
453 324 517 372 nrm
537 313 568 373 in
588 333 725 374 sermone
744 315 896 376 communi
910 315 1143 378 vicissitudinem

347 429 409 470 non
423 409 555 486 iniquam
568 420 660 487 putet.
702 413 749 470 Ac
758 411 857 472 videat
884 412 1023 491 inprimis,
1036 413 1143 490 quibus

98 510 138 571 de
157 510 245 570 rebus
264 510 418 586 loquatur:
446 505 471 565 si
490 505 581 579 seriis,
604 505 787 566 severitatem
807 505 955 581 adhibeat,
978 507 1002 568 si
1025 508 1140 584 iocosis,

97 606 238 682 leporem
321 602 518 679 Inprimisque
538 602 690 679 provideat
711 622 749 662 ne
769 622 865 663 sermo
891 602 995 662 vitium
1021 604 1142 681 aliquod

96 701 210 762 indicet
229 700 325 761 inesse
344 699 376 759 in
396 699 544 759 moribus:
572 701 654 775 quod
677 719 814 760 maxume
837 712 900 760 tum
921 705 996 762 solet
1016 703 1140 778 evenire,
1171 720 1185 770 5

97 817 168 858 cum
181 796 312 857 studiose
326 797 363 855 de
377 795 547 856 absentibus
562 795 736 855 detrahendi
749 815 837 856 causa
849 808 901 857 aut
915 817 968 874 per
987 797 1142 859 ridiculum

97 906 150 956 aut
170 914 278 969 severe,
292 893 436 953 maledice
456 892 727 973 contumelioseque
741 893 854 954 dicitur.
913 915 926 953 1
930 914 947 970 3
951 911 976 972 5.
1020 897 1142 957 Haben-

348 1001 395 1049 tur
407 1000 506 1049 autem
520 992 691 1066 plerumque
705 1009 855 1050 sermones
874 1003 925 1051 aut
944 993 981 1052 de
1002 993 1141 1053 domesti-

348 1087 390 1146 cis
418 1085 542 1162 negotiis
569 1096 620 1145 aut
646 1087 684 1146 de
711 1105 742 1147 re
768 1088 886 1165 publica
905 1099 955 1148 aut
976 1090 1014 1150 de
1034 1091 1140 1150 artium

99 1183 204 1245 studiis
225 1193 314 1261 atque
338 1181 479 1242 doctrina.
522 1182 632 1240 Danda
652 1181 739 1258 igitur
760 1202 850 1259 opera
871 1194 915 1243 est
937 1194 978 1258 ut,
1002 1184 1091 1244 etiam
1113 1185 1139 1246 si
1154 1201 1184 1236 10

98 1282 232 1341 aberrare
255 1281 295 1340 ad
314 1278 373 1338 alia
394 1276 531 1354 coeperit,
557 1278 596 1336 ad
622 1278 696 1338 haec
719 1291 872 1339 revocetur
895 1279 996 1353 oratio,
1019 1282 1073 1342 sed
1096 1294 1139 1343 ut-

97 1397 226 1454 cumque
249 1378 392 1448 aderunt;
419 1393 517 1450 neque
544 1373 625 1433 enim
653 1393 757 1434 omnes
784 1375 878 1436 isdem
903 1378 941 1436 de
968 1379 1055 1438 rebus
1082 1398 1138 1440 nec

98 1473 335 1549 omnitempore
360 1490 417 1530 nec
444 1469 576 1529 similiter
603 1470 792 1530 delectamur.
834 1472 1137 1535 Animadvertendum

98 1579 144 1630 est
157 1568 255 1641 etiam,
277 1579 421 1644 quatenus
441 1585 536 1626 senno
555 1565 782 1626 delectationem
803 1568 919 1641 habeat,
939 1581 969 1629 et
987 1581 1020 1629 ut
1038 1570 1138 1647 incipi-

10 1665 169 1726 sumendi
196 1664 270 1724 ratio
294 1662 388 1735 fuerit,
415 1662 456 1720 ita
483 1661 520 1721 sit
550 1661 706 1722 desinendi
730 1665 844 1723 modus.
890 1667 955 1740 136.
997 1668 1056 1727 Sed
1076 1686 1136 1743 quo
1153 1681 1179 1731 ¹5

121 1789 253 1850 mimator
266 1790 309 1830 „d
343 1761 438 1818 modo
465 1757 496 1817 in
524 1758 605 1817 omni
629 1757 689 1818 vita
712 1759 873 1820 rectissime
901 1761 1078 1839 praecipitur
1104 1775 1137 1824 ut

96 1849 309 1932 ffi,{,¹⁰¹²⁶¹¹¹⁰¹¹²
346 1852 578 1930 perturbationes
606 1853 760 1929 fugiamus
789 1855 821 1914 id
851 1867 895 1916 est
922 1868 1019 1916 motus
1045 1857 1137 1918 animi

203 1891 250 1938 ded,
256 1904 309 1930 even

95 1953 123 2032 ᾗ
146 1940 309 2042 ffge‘r‘ffi
347 1948 454 2007 nimios
468 1947 574 2006 rationi
588 1968 649 2007 non
660 1960 905 2026 optemperantes,
929 1951 1042 2028 siccius
1053 1953 1136 2013 modi

95 2040 309 2141 &⁸222ssssss
346 2047 474 2106 motibus
491 2065 587 2106 sermo
606 2047 695 2106 debet
713 2066 826 2120 vacare,
845 2067 885 2124 ne
902 2059 952 2108 aut
969 2049 1012 2108 ira
1031 2050 1136 2111 existat

95 2141 310 2242 {effiffggptffi
346 2156 397 2204 aut
417 2143 561 2220 cupiditas
580 2143 687 2220 aliqua,
693 2154 744 2203 aut
763 2144 878 2220 pigritia
894 2157 944 2204 aut
956 2145 1072 2222 ignavia
1084 2159 1135 2208 aut
1149 2165 1180 2199 20

96 2241 130 2282 ‘⁰¹
138 2242 309 2332 ‘hiffib‘li
345 2242 403 2300 tale
418 2239 529 2315 aliquid
540 2249 685 2315 appareat,
721 2238 906 2315 maximeque
916 2242 1080 2299 curandum
1091 2253 1135 2302 est

95 2303 213 2394 wile&
349 2347 381 2394 ut
395 2355 454 2408 eos,
465 2335 641 2411 quibuscum
656 2352 823 2394 sermonem
836 2338 1029 2410 conferemus,
1044 2348 1074 2396 et
1087 2357 1136 2398 ve-

95 2433 153 2494 reri
166 2444 196 2493 et
209 2433 330 2509 diligere
343 2432 503 2491 videamur.
547 2430 774 2507 Obiurgationes
788 2431 877 2491 etiam
894 2452 956 2492 non
974 2452 1136 2510 numquam

95 2528 233 2590 incidunt
253 2528 442 2601 necessariae,
461 2527 492 2587 in
516 2527 623 2604 quibus
643 2529 788 2587 utendum
809 2540 853 2588 est
869 2531 990 2589 sortasse
1007 2541 1037 2590 et
1054 2530 1135 2591 vocis

94 2625 286 2686 contentione
313 2624 423 2684 maiore
451 2635 480 2682 et
503 2625 660 2683 verborum
684 2624 824 2701 gravitate
846 2624 974 2700 acriore;
994 2625 1026 2685 id
1049 2646 1135 2703 agen·
1146 2648 1177 2696 25

93 2724 167 2784 dum
181 2722 275 2791 etiam,
284 2733 317 2780 ut
331 2741 367 2780 ea
381 2723 475 2780 iacere
489 2719 642 2779 videamur
660 2719 732 2779 irati.
775 2722 833 2780 Sed
847 2733 880 2780 ut
892 2722 931 2780 ad
945 2723 1090 2782 urendum
1104 2735 1134 2783 et

92 2817 330 2892 secandum,sic
351 2818 390 2877 ad
411 2819 471 2876 hoc
490 2836 582 2892 genus
607 2816 770 2893 castigandi
790 2836 855 2877 raro
876 2816 1018 2893 invitique
1037 2818 1134 2879 venie-

91 2934 169 2989 mus,
196 2934 253 2974 nec
280 2932 421 2989 umquam
448 2911 504 2971 nisi
531 2913 705 2984 necessario,
731 2911 756 2972 si
783 2913 864 2971 nulla
890 2913 1050 2989 reperietur
1075 2914 1134 2976 alia

92 3010 259 3071 medicina:
282 3011 336 3070 sed
359 3020 459 3068 tamen
481 3008 523 3066 ira
546 3011 649 3084 procul
673 3007 756 3080 absit,
786 3027 856 3067 cum
877 3027 936 3084 qua
959 3008 1032 3067 nihil
1053 3020 1132 3072 recte

90 3108 163 3183 fieri,
184 3107 258 3167 nihil
277 3091 460 3166 considerate
480 3116 584 3181 potest.
630 3123 694 3180 137.
738 3107 879 3183 Magnam
899 3115 998 3165 autem
1018 3119 1131 3182 partem
1145 3128 1176 3177 30

90 3203 233 3266 clementi
249 3202 440 3279 castigatione
458 3201 527 3261 licet
545 3200 597 3273 uti,
611 3202 753 3278 gravitate
772 3213 872 3261 tamen
888 3201 1036 3276 adiuncta,
1050 3215 1084 3264 ut
1102 3216 1132 3265 et

89 3302 230 3363 severitas
256 3300 430 3360 adhibeatur
457 3309 486 3358 et
513 3297 693 3357 contumelia
715 3299 879 3374 repellatur.
921 3300 1022 3375 Atque
1042 3299 1131 3360 etiam

89 3398 165 3459 illud
186 3396 293 3474 ipsum,
312 3395 394 3472 quod
415 3392 581 3453 acerbitatis
604 3394 694 3453 habet
712 3390 884 3471 obiurgati0,
907 3393 1131 3471 significandum

91 3505 138 3555 ert
157 3492 249 3570 ipsius
269 3492 301 3552 id
321 3510 417 3563 causa,
440 3489 491 3566 qui
511 3489 687 3566 obiurgetur,
705 3508 769 3550 esse
786 3500 962 3566 susceptum.
1000 3493 1137 3552 Rectum·

89 3601 136 3651 est
155 3601 257 3659 autem
277 3586 366 3650 etiam
386 3585 417 3647 in
437 3585 494 3645 illis
514 3585 762 3659 contentionibus,
783 3605 860 3663 quae
880 3606 950 3648 cum
968 3585 1129 3647 inimicissi-
1142 3603 1171 3656 3⁵

97 378 249 431 hmauner,

98 1054 127 1097 its
135 1063 236 1097 matter.

135 3749 166 3798 13
182 3733 335 3784 delectantur
354 3732 383 3782 C.
400 3732 495 3781 Scheibe
528 3735 538 3788 ΙΙ
577 3745 610 3793 3ο
626 3738 819 3796 magna-parte
833 3731 899 3782 codd.
916 3746 978 3782 corr.
992 3731 1129 3784 Lambinus

85 3814 314 3881 'gautsevaritas
325 3814 366 3862 Ba
399 3817 410 3872 ll
446 3827 476 3876 34
487 3812 513 3862 id
524 3813 553 3862 in
562 3812 726 3877 aliquotcodd.
738 3814 852 3862 omismm
861 3813 956 3862 seclusit
964 3814 1006 3862 Ba

164 3929 224 3978 c1c.
239 3914 274 3972 dc
289 3911 346 3988 Off.
1029 3929 1050 3984 4
