2670 4296
96 227 147 286 III
163 243 194 285 1v
212 223 260 307 16]
435 227 484 287 De
503 229 668 288 ffineslatis
688 236 796 288 natura
1079 247 1132 290 ror

96 386 188 469 M„
214 427 260 469 q„
285 429 310 470 ,s
345 395 445 469 Atque
458 393 532 454 illud
545 395 666 472 quidem
680 397 848 469 honestum,
864 398 945 473 quod
958 395 1074 473 proprie
1087 415 1135 458 ve-

94 479 306 571 fflffiffiffi‘ssffiffi
345 510 435 566 reque
456 491 570 566 dicitur,
584 493 616 552 id
629 493 661 552 in
675 493 855 570 sapientibus
876 505 920 556 est
941 493 1011 554 solis
1032 512 1130 570 neque

92 580 309 681 {ffe‘pssfgg'ffysswges
343 588 478 649 avirtute
493 589 591 651 divelli
606 611 748 668 umquam
761 602 866 669 potest.
910 593 948 653 In
968 591 1003 652 iis
1024 602 1131 677 autem,

92 693 148 732 mv
344 685 375 744 in
388 687 494 763 quibus
509 686 652 764 sapientia
665 688 793 763 perlecta
806 707 868 748 non
881 698 933 760 est,
949 685 1047 763 ipsum
1060 686 1134 746 illud

92 780 214 857 quidem
227 783 391 857 perfectum
404 784 562 867 honestum
582 785 664 843 nullo
683 785 783 852 mod0,
798 783 1003 844 similitudines
1017 783 1134 844 honesti
1164 802 1177 850 5

92 896 156 936 esse
179 889 309 953 possunt
356 897 401 951 14.
445 882 533 940 Haec
556 879 635 942 enim
661 879 765 953 officia,
791 881 829 940 de
853 880 960 957 quibus
984 879 1030 939 his
1053 880 1134 944 libris

91 972 283 1049 disputamus,
309 974 408 1034 media
435 975 526 1036 Stoici
553 977 720 1053 appellant:
748 995 783 1036 ea
809 975 981 1037 communia
1009 988 1076 1037 sunt
1104 988 1134 1039 et

90 1070 149 1129 late
171 1080 280 1145 patent,
297 1090 373 1147 quae
394 1083 424 1132 et
446 1072 555 1150 ingenii
577 1073 710 1135 bonitate
731 1073 825 1134 multi¹
838 1085 1010 1135 assecuntur
1023 1085 1053 1141 et
1066 1093 1133 1150 pro·
1176 1104 1180 1115 ι

90 1165 239 1242 gressione
258 1165 400 1226 discendi.
444 1171 524 1229 Illud
545 1181 645 1230 autem
667 1169 804 1243 officium,
820 1171 902 1246 quod
915 1181 1028 1230 rectum
1052 1169 1133 1230 idem

91 1263 246 1336 appellant,
262 1265 425 1338 perfectum
447 1277 536 1342 atque
559 1268 726 1327 absolutum
749 1276 794 1326 est
815 1275 853 1338 et,
869 1277 901 1326 ut
922 1266 1003 1326 idem
1020 1265 1132 1340 dicunt,
1148 1287 1177 1320 10

90 1375 195 1416 omnes
217 1376 354 1420 numeros
377 1361 466 1422 habet
489 1383 544 1423 uec
563 1374 677 1439 praeter
691 1362 854 1438 sapientem
868 1363 973 1423 cadere
987 1362 1018 1420 in
1032 1381 1133 1438 quem-

340 1476 429 1532 quam
456 1470 562 1536 potest.
608 1475 652 1535 15.
682 1460 760 1520 Cum
781 1470 881 1518 autem
901 1457 1013 1534 aliquid
1033 1468 1132 1519 actum

90 1531 304 1633 lhiiaiy‘hlhlil
342 1564 394 1626 est,
410 1554 441 1612 in
459 1574 520 1631 quo
538 1555 637 1615 media
656 1553 752 1614 officia
771 1564 969 1631 compareant,
986 1553 1018 1613 id
1031 1572 1132 1629 cumu-

90 1632 224 1724 ξῗῇᾋξζίξ
233 1634 305 1734 ,iffi
342 1650 400 1710 late
414 1651 529 1710 videtur
542 1671 606 1711 esse
619 1653 782 1727 perfectum
800 1662 961 1727 propterea,
978 1651 1060 1726 quod
1072 1651 1132 1710 rol·

91 1733 139 1822 ³143}
146 1733 303 1824 gfiffgffssssiissss
337 1744 403 1824 gns,
424 1747 497 1823 quid
516 1747 592 1807 absit
612 1767 630 1807 a
650 1749 789 1823 perfecto,
810 1767 871 1808 non
894 1747 954 1806 fere
975 1745 1117 1823 intellegit
1122 1767 1131 1820 ;
1146 1769 1174 1817 15

91 1833 306 1932 {ffijffflffvglffhh‘t‘gg
344 1854 488 1919 quatenus
511 1854 610 1903 autem
631 1842 781 1920 intellegit,
804 1841 877 1902 nihil
901 1852 985 1919 putat
1006 1853 1131 1918 praeter-

91 1933 308 2034 ,Sijffhssaglggffg‘ssp
342 1938 477 2000 missum:
499 1941 580 2015 quod
590 1939 669 2001 idem
679 1938 711 1997 in
724 1939 877 2015 poematis,
892 1938 924 1998 in
938 1937 1057 2015 picturis
1072 1957 1127 1998 usu

91 2034 231 2084 ⁰⁰¹0²²q¹¹¹¹l
341 2037 466 2097 venitin
480 2036 602 2113 aliisque
616 2035 822 2112 compluribus,
838 2046 871 2095 ut
882 2037 1066 2096 delectentur
1076 2033 1129 2093 im«

339 2119 425 2211 periti
445 2135 624 2209 laudentque
645 2152 688 2205 ea,
711 2152 787 2209 quae
807 2133 957 2192 laudanda
977 2152 1039 2191 non
1059 2130 1127 2205 sint,

91 2231 131 2291 ob
151 2250 225 2304 earn,
241 2232 340 2304 cred0,
356 2250 472 2290 causam
498 2231 581 2306 quod
601 2229 670 2290 insit
690 2228 721 2288 iu
742 2228 777 2288 iis
797 2228 910 2304 aliquid
930 2226 1023 2304 probi,
1046 2227 1130 2304 quod
1143 2251 1175 2286 ao

93 2316 189 2396 capiat
210 2317 334 2396 ignaroS,
359 2317 409 2392 qui
431 2317 503 2392 quid
521 2318 552 2376 in
573 2338 633 2377 una
650 2337 767 2394 quaque
783 2337 815 2378 re
832 2316 895 2376 vitii
912 2316 956 2391 sit,
977 2327 1128 2392 nequeant

92 2415 229 2476 iudicare.
273 2419 378 2492 Itaque
392 2436 460 2474 cum
475 2426 543 2476 sunt
561 2416 642 2476 docti
656 2436 674 2475 a
688 2416 796 2492 peritis,
812 2416 957 2475 desistunt
970 2416 1056 2476 facile
1070 2434 1133 2476 sen·

40 2514 79 2564 IV
91 2512 189 2572 tentia.
234 2513 320 2570 Haec
347 2511 433 2588 igitur
456 2511 562 2586 officia,
586 2514 625 2572 de
649 2512 756 2589 quibus
780 2512 825 2570 his
850 2511 930 2573 libris
955 2512 1131 2586 disserimus,

91 2608 173 2684 quasi
196 2610 327 2668 secunda
348 2611 495 2684 quaedam
516 2611 641 2668 honesta
663 2628 727 2669 esse
749 2608 860 2681 dicunt,
876 2627 938 2668 non
956 2608 1132 2685 sapientium

90 2705 182 2774 modo
195 2705 320 2781 propria,
335 2707 388 2766 sed
401 2726 470 2764 cum
484 2707 566 2765 omni
579 2706 733 2765 hominum
748 2724 854 2782 genere
868 2704 1045 2765 eommunia
1085 2706 1129 2766 16.
1145 2717 1175 2768 τε

91 2803 197 2888 Itaque
217 2800 258 2860 iis,
272 2821 383 2876 omnes,
399 2802 552 2879 inquibus
571 2814 615 2861 est
629 2801 742 2891 virtutis
756 2801 881 2873 indoles,
898 2812 1129 2862 commoventur.

114 2944 175 2984 Em
188 2943 239 2983 such
254 2957 302 2984 men
341 2901 406 2958 Nec
424 2919 493 2960 vero
511 2918 579 2957 cum
596 2900 656 2958 duo
672 2898 758 2958 Decii
772 2909 822 2958 aut
836 2899 897 2957 duo
912 2897 1064 2974 Scipiones
1077 2897 1133 2959 for·

88 3007 112 3035 ²⁵
121 3006 181 3035 “w
193 2995 235 3035 ³⁸⁶¹
248 3006 302 3034 ΜΕ·
340 3007 384 3055 tes
398 2997 450 3055 viri
465 3007 734 3057 commemorantur
747 3007 798 3054 aut
812 3014 882 3054 cum
897 2993 1051 3053 Fabricius
1067 2991 1131 3074 [aut

90 3056 148 3094 Ltus,
161 3058 214 3084 even
224 3045 259 3085 the
268 3058 300 3084 se·

89 3108 130 3135 ven
154 3108 215 3145 ages
236 3095 303 3185 them}
341 3090 496 3173 Aristides]
510 3092 602 3151 iustus
617 3091 792 3164 nominatur,
808 3101 858 3171 aut
872 3093 910 3150 ab
921 3090 977 3150 illis
988 3089 1131 3151 fortitudi-

89 3144 163 3195 aelves,
187 3158 241 3184 were
267 3158 294 3184 uo

89 3195 303 3285 Wss‘issffihishfgt
341 3193 385 3252 nis
409 3202 460 3250 aut
483 3189 521 3248 ab
545 3190 603 3247 hoc
630 3185 756 3247 iustitiae
781 3198 932 3263 tamquam
956 3205 974 3246 a
997 3186 1129 3263 sapiente
1144 3201 1175 3249 30

88 3257 171 3286 ”m
214 3258 297 3285 ‘m'
337 3289 446 3367 petitur
463 3286 640 3362 exemplum.
680 3286 778 3343 Nemo
795 3283 875 3343 euim
895 3284 1003 3343 horum
1024 3282 1067 3344 sic
1088 3301 1131 3345 sa-

88 3387 180 3463 piens,
196 3398 229 3446 ut
243 3386 406 3463 sapientem
427 3385 562 3442 volumus
582 3379 720 3456 intellegi,
736 3399 792 3439 nec
806 3378 835 3452 ii,
851 3378 903 3455 qui
917 3378 1065 3456 sapientes
1079 3381 1131 3442 ha·

89 3486 141 3547 biti
161 3497 191 3546 et
213 3484 365 3557 nominati,
383 3486 424 3542 M.
443 3485 519 3543 Cato
538 3491 567 3541 et
587 3481 621 3541 C.
643 3478 768 3552 Laelius,
784 3476 930 3554 sapientes
950 3480 1075 3552 fuerunt,
1091 3499 1129 3542 ne

138 3685 149 3718 1
167 3669 236 3734 atqui
252 3669 385 3718 Fleckez'sen
402 3667 483 3716 Heine
527 3667 538 3722 ΙΙ
584 3678 612 3712 ar
637 3662 680 3726 qui
697 3661 797 3725 quidem
813 3658 877 3709 codd.
897 3656 981 3715 multi,
1000 3656 1043 3723 qui
1061 3657 1129 3718 idem

85 3747 135 3796 cod.
146 3763 163 3796 a
174 3748 188 3795 b
198 3764 219 3805 c,
236 3749 278 3812 qui
295 3747 403 3809 Madvig
416 3746 489 3794 deleto
505 3744 572 3793 idem
583 3741 744 3806 probantzlm
754 3740 836 3790 Heinc
846 3739 887 3788 Lu
922 3740 933 3797 ll
969 3738 1059 3789 mut
1072 3736 1128 3787 Art·

85 3827 162 3877 sudes
176 3829 240 3877 codd.
255 3845 317 3892 quas
331 3834 360 3874 ut
372 3827 458 3889 spun'a
474 3826 622 3874 seclusmmt
636 3824 677 3872 Ba
693 3822 774 3871 Heine
786 3827 883 3870 aratore
893 3819 917 3869 l.
928 3817 967 3869 Μ.
979 3817 1130 3885 Hm

91 3911 100 3964 ΙΙ
132 3922 162 3969 30
179 3907 210 3954 ab
222 3907 269 3954 hoc
280 3904 433 3964 Lactantius,
447 3904 479 3953 ab
490 3903 529 3953 his
542 3904 579 3954 Or
587 3903 629 3953 Lu
640 3919 695 3952 cum
705 3903 771 3952 codd.
801 3905 811 3961 ll
842 3917 871 3966 3²
889 3874 1256 4008 suntheim*
