2670 4296
200 216 237 289 '76
636 212 687 270 De
698 213 793 287 glorair
1076 209 1123 294 [Il
1139 231 1184 272 xit
1201 234 1239 291 43

197 383 409 477 ζῗῡῑζζιωτξῗῑζ
445 384 541 442 canda
562 381 674 443 ratione
697 395 750 444 est.
793 403 840 460 43.
878 385 1068 462 Quamquam
1091 363 1239 464 praeclare

198 485 319 527 maereat
446 480 580 540 Socrates
606 480 684 538 hanc
707 479 785 541 viam
810 481 852 541 ad
875 480 998 559 gloriam
1021 476 1192 559 proximam
1209 496 1239 546 et

198 577 282 654 quasi
302 575 552 653 compendiariam
572 575 690 637 dicebat
710 597 783 649 esse,
798 576 823 637 si
837 578 903 655 quis
922 578 954 639 id
967 590 1073 657 ageret,
1087 592 1121 641 ut
1145 581 1239 657 qualis

196 672 297 735 haberi
318 675 405 733 vellet
437 672 502 732 talis
529 683 613 734 esset
657 674 749 748 Quod
773 673 798 733 si
820 674 874 751 qui
895 674 1081 736 simulatione
1104 687 1135 737 et
1158 677 1239 737 inani

197 771 393 834 ostentatione
414 781 444 830 et
462 771 531 830 ficto
550 757 611 830 non
630 771 722 830 modo
740 789 875 831 sermone
893 772 947 832 sed
967 771 1055 832 etiarn
1078 775 1159 834 voltu
1184 787 1240 834 sta·
1268 792 1282 842 ⁵

197 866 287 951 bilem
310 885 343 926 se
369 865 491 944 gloriam
518 864 663 942 consequi
683 885 770 942 posse
792 877 900 939 rentur,
921 867 1110 929 vehementer
1133 881 1237 929 errant.

196 964 275 1024 Vera
294 962 387 1041 gloria
405 962 518 1023 radices
539 961 599 1040 agit
618 957 713 1039 atque
728 961 818 1022 etiam
836 974 1022 1041 propagatur,
1053 965 1122 1023 ficta
1139 964 1240 1024 omnia

196 1058 328 1120 celeriter
354 1071 506 1135 tamquam
533 1058 647 1118 flosculi
680 1057 830 1132 decidunt,
859 1078 915 1119 nec
947 1058 1115 1118 simulatum
1142 1071 1239 1136 potest

196 1156 356 1234 quicquam
376 1175 439 1216 esse
461 1154 639 1214 diuturnum.
682 1156 786 1214 Testes
806 1165 873 1214 sunt
888 1154 1026 1231 permulti
1040 1155 1070 1214 in
1084 1167 1239 1232 utramque

195 1264 317 1330 partem,
346 1252 399 1312 sed
430 1249 578 1311 brevitatis
611 1269 700 1309 causa
733 1249 843 1309 familia
875 1251 1007 1311 contenti
1036 1250 1144 1312 erimus
1171 1271 1237 1311 una
1254 1277 1284 1312 ιο

196 1349 331 1409 Tiberius
351 1347 431 1408 enim
453 1347 603 1406 Gracchus
630 1348 662 1404 P.
686 1347 705 1404 f.
728 1345 861 1406 tamdiu
888 1346 1062 1420 laudabitur,
1084 1349 1157 1408 dum
1181 1367 1240 1408 me-

195 1445 289 1505 moria
311 1464 408 1505 rerum
431 1446 633 1527 Romanarum
645 1442 802 1520 manebit,
818 1455 848 1503 at
870 1443 933 1504 eius
954 1444 1006 1503 filii
1022 1433 1083 1504 'nec
1103 1445 1161 1504 vivi
1174 1465 1239 1523 pro·
1292 1491 1296 1498 .

195 1542 340 1603 babantur
362 1538 447 1601 bonis
472 1551 502 1599 et
525 1537 633 1598 mortui
652 1559 809 1599 numerum
834 1539 968 1617 optinent
991 1540 1054 1601 iure
1077 1561 1237 1602 caesorum

197 1637 258 1712 Qui
284 1636 370 1715 igitur
396 1634 518 1712 adipisci
544 1626 644 1694 veram
676 1635 798 1712 gloriam
826 1639 915 1709 volet,
944 1636 1071 1697 iustitiae
1103 1640 1240 1715 fungatur

197 1733 319 1795 officiis:
344 1752 476 1810 eaquae
497 1744 602 1805 essent,
625 1732 738 1792 dictum
759 1744 804 1793 est
824 1733 855 1793 in
875 1733 950 1794 libro
970 1734 1126 1811 superiore.
1254 1758 1282 1806 15

504 1849 551 1902 44.
574 1830 640 1901 Sed,
647 1840 680 1889 ut
694 1830 832 1890 facillime
857 1832 958 1907 quales
972 1829 1064 1891 simus
1088 1833 1161 1893 tales
1174 1852 1238 1894 esse

197 1929 314 2031 ii{¹‘}10i’y'.
326 1928 406 2022 offic
443 1924 604 1999 videamur,
627 1926 683 1986 etsi
706 1926 737 1985 in
754 1922 798 1987 'eo
823 1926 887 2004 ipso
910 1926 953 1986 vis
978 1927 1106 1986 maxima
1129 1938 1182 2003 est,
1206 1941 1238 1990 ut

196 2031 404 2073 maranorum:
444 2022 535 2082 simus
561 2022 591 2095 ii,
607 2022 658 2100 qui
685 2023 786 2082 haberi
810 2023 942 2097 velimus,
967 2035 1066 2084 tamen
1091 2028 1238 2102 quaedam

442 2131 598 2196 praecepta
617 2121 717 2179 danda
735 2130 810 2180 sunt.
854 2122 933 2178 Nam
946 2119 971 2179 si
986 2121 1051 2197 quis
1065 2123 1102 2182 ab
1117 2122 1237 2184 ineunte

196 2226 291 2277 aetate
311 2215 400 2276 habet
420 2235 540 2274 causam
561 2215 737 2275 celebritatis
755 2228 785 2275 et
803 2216 931 2276 nominis
945 2228 995 2276 aut
1009 2238 1027 2276 a
1039 2230 1120 2295 patre
1135 2239 1237 2297 accep
1250 2239 1282 2274 ιο

195 2318 266 2388 tarn,
281 2315 363 2390 quod
383 2312 444 2386 tibi,
464 2312 506 2370 rni
527 2312 640 2386 Cicem,
655 2313 778 2373 arbitror
797 2313 962 2391 contigisse,
977 2326 1027 2373 aut
1046 2315 1146 2391 aliquo
1166 2336 1236 2376 casu

196 2422 285 2486 atque
309 2412 433 2480 fortuna,
456 2407 487 2466 in
511 2409 590 2467 hunc
615 2409 694 2467 oculi
721 2408 855 2468 omnium
882 2408 1067 2469 coniciuntur
1090 2421 1178 2486 atque
1205 2410 1237 2469 in

197 2527 274 2581 eum,
287 2507 359 2584 quid
372 2517 446 2584 agat,
457 2507 711 2582 quemadmodum
724 2492 803 2566 vivat
823 2506 982 2583 inquiritur,
990 2518 1019 2566 et
1040 2517 1191 2583 tamquam
1204 2507 1236 2567 in

196 2603 353 2663 clarissima
373 2604 439 2661 luce
458 2612 595 2673 versetur,
610 2601 652 2660 ita
672 2603 785 2661 nullum
806 2603 963 2661 obscurum
984 2613 1080 2678 potest
1101 2623 1156 2662 nec
1177 2602 1237 2663 dic·

151 2695 153 2701 ’
194 2711 258 2760 tum
280 2698 348 2787 eius⁸
367 2718 431 2758 esse
455 2717 511 2756 nec
533 2699 652 2756 sactum.
695 2715 741 2774 45.
766 2700 901 2773 Quorum
922 2710 1021 2757 autem
1041 2699 1136 2775 prima
1155 2711 1235 2760 aetas
1249 2725 1278 2773 25

65 3932 163 4030 fn

194 2806 312 2873 propter
332 2795 528 2854 humilitatem
549 2806 578 2855 et
599 2795 808 2855 obscuritatem
826 2796 857 2854 in
878 2796 1032 2855 hominurn
1053 2797 1235 2874 ignoratione

193 2905 329 2966 versatur,
352 2893 380 2966 ii,
404 2893 490 2952 simul
511 2913 546 2951 ac
567 2893 686 2952 iuvenes
708 2913 770 2952 esse
792 2904 960 2969 coeperunt,
977 2913 1084 2971 magna
1104 2906 1234 2970 spectare

194 3003 224 3051 et
244 2992 283 3052 ad
303 3010 338 3051 ea
358 2989 443 3050 rectis
464 2989 568 3048 studiis
589 2990 700 3048 debent
722 2992 919 3050 contendere:
944 2991 1025 3066 quod
1047 3010 1083 3050 eo
1107 2991 1234 3050 firmiore

440 3085 539 3145 animo
562 3086 678 3158 sacient,
702 3086 771 3163 quia
799 3107 859 3146 non
887 3088 979 3146 modo
1003 3105 1064 3146 non
1087 3085 1235 3145 invidetur

193 3183 405 3283 iiiltdil‘aillss
443 3181 484 3240 illi
516 3182 612 3254 aetati,
643 3202 746 3242 verum
778 3182 867 3242 etiam
896 3184 1014 3242 favetur.
1065 3182 1162 3241 Prima
1189 3194 1233 3242 est
1246 3200 1278 3248 30

193 3285 354 3376 maiivii
377 3286 406 3336 bu
443 3277 529 3354 igitur
550 3278 733 3339 adulescenti
755 3277 974 3338 commendatio
994 3280 1033 3338 ad
1056 3278 1186 3355 gloriam,
1208 3279 1233 3338 si

346 3364 352 3385 ⁸
441 3394 501 3450 qua
524 3395 564 3434 ex
591 3375 731 3435 bellicis
758 3376 861 3435 rebus
888 3374 1049 3450 comparari
1072 3384 1178 3451 potest,
1201 3374 1232 3433 in

193 3487 252 3545 qua
270 3468 354 3529 multi
373 3472 452 3546 apud
471 3471 595 3531 maiores
614 3484 729 3532 nostros
749 3472 921 3531 extiterunt:
946 3489 1061 3545 semper
1073 3469 1153 3530 enirn
1172 3473 1232 3532 iere

193 3565 270 3627 bella
289 3568 470 3645 gerebantur.
513 3571 578 3627 Tua
596 3581 695 3629 autem
713 3581 792 3628 aetas
807 3568 910 3627 incidit
923 3567 953 3625 in
968 3567 999 3626 id
1012 3567 1132 3640 bellum,
1147 3568 1231 3629 cuius

192 3663 282 3720 altera
308 3682 374 3739 pars
402 3663 517 3722 sceleris
545 3663 671 3723 nimium
697 3663 808 3736 habuit,
832 3665 923 3723 altera
949 3661 1093 3742 felicitatis
1117 3683 1229 3740 parurn.
1243 3684 1273 3733 35

193 3756 263 3831 Quo
289 3769 388 3818 tamen
417 3758 446 3817 in
471 3760 557 3833 bello,
580 3780 650 3819 cum
674 3772 703 3821 te
725 3759 884 3836 Pompeius
906 3759 970 3819 alae
994 3754 1100 3839 [alteri]
1122 3764 1231 3836 praeie-

229 3868 259 3931 36
276 3869 345 3918 alteri
360 3870 405 3919 del.
420 3872 537 3920 Graevius
552 3872 593 3920 Lu
607 3873 722 3936 probante
737 3872 871 3937 Madvigio,
885 3871 1030 3920 seclmemnt
1047 3871 1087 3920 Ba
1103 3871 1184 3922 Heim
