2670 4296
408 1167 567 1234 LIBER
604 1169 800 1236 PRIMVS

66 1504 303 1601 Isailss'l‘ilidileff
406 1531 432 1569 1.
474 1511 658 1585 Qvnmovnn
679 1521 717 1580 te,
730 1513 848 1573 Marce
860 1510 923 1591 riti,
939 1531 1050 1573 annum
1070 1513 1128 1574 iam

89 1609 183 1700 mss
196 1610 302 1701 diarii
339 1604 507 1665 audientem
529 1606 703 1683 Cratippum
723 1606 814 1682 idque
833 1607 958 1667 Athenis
979 1609 1129 1669 abundare

87 1708 303 1810 iipdtthss'ssfflffij
340 1713 457 1779 oportet
496 1703 662 1781 praeceptis
696 1702 895 1780 institutisque
928 1705 1132 1790 philosophiae

88 1809 266 1900 pastisshve'iffl
278 1809 303 1901 g}
337 1810 456 1876 propter
483 1819 628 1860 summam
655 1811 685 1860 et
713 1800 841 1860 doctoris
868 1801 1071 1861 auctoritatem
1100 1813 1130 1862 et

88 1909 166 1951 omen
338 1896 426 1964 urbis,
450 1915 574 1973 quorum
601 1896 674 1954 alter
697 1906 727 1956 te
751 1896 873 1956 scientia
892 1916 1000 1974 augere
1020 1908 1127 1974 potest,
1158 1919 1171 1967 5

126 2038 130 2046 .
177 2002 215 2034 0¹¹·
228 2001 242 2032 ¹·
336 1995 427 2053 altera
445 1993 595 2069 exemplis,
616 2003 725 2065 tamen,
746 2003 779 2051 ut
797 1992 860 2069 ipse
880 1995 919 2053 ad
940 1996 1037 2053 ineam
1055 1995 1130 2054 utili-

88 2102 179 2150 tatem
207 2109 323 2167 semper
349 2109 418 2148 cum
449 2087 569 2149 Graecis
597 2087 702 2147 latina
736 2087 875 2147 coniunxi
902 2109 999 2166 neque
1032 2089 1063 2149 id
1097 2089 1129 2149 in

87 2185 276 2262 philosophia
300 2185 396 2244 solum
424 2184 477 2243 sed
505 2183 594 2242 etiam
620 2183 652 2241 in
680 2182 799 2242 dicendi
828 2183 1035 2245 exercitatione
1060 2183 1126 2257 feci,

87 2281 166 2340 idem
188 2280 242 2340 tibi
262 2299 371 2340 censeo
391 2279 569 2352 laciendum,
584 2290 617 2339 ut
637 2298 689 2356 par
709 2278 748 2339 sis
768 2279 799 2338 in
818 2279 967 2356 utriusque
987 2280 1127 2341 orationis

87 2377 234 2437 facultate.
277 2378 375 2452 Quam
396 2375 517 2452 quidem
538 2376 576 2434 ad
598 2394 660 2434 rem
681 2395 746 2448 nos,
771 2388 803 2436 ut
823 2375 965 2450 videmur,
988 2396 1127 2454 magnum
1142 2402 1174 2436 ιο

87 2473 237 2534 attulimus
253 2474 456 2533 adiumentum
477 2472 647 2535 hominibus
665 2473 780 2547 nostris,
795 2484 828 2533 ut
847 2493 908 2534 non
926 2474 1018 2534 modo
1040 2477 1128 2536 Grae-

87 2589 187 2630 carum
200 2570 359 2629 litterarum
373 2570 461 2629 rudes
470 2570 522 2630 sed
531 2568 621 2628 etiarn
630 2568 711 2629 docti
721 2569 904 2645 aliquantum
915 2589 946 2629 se
954 2570 1128 2631 arbitrentur

88 2669 211 2745 adeptos
238 2679 269 2727 et
294 2667 333 2727 ad
357 2667 516 2729 dicendum
538 2678 567 2727 et
589 2666 628 2725 ad
652 2666 849 2726 iudicandum.
894 2686 919 2723 2.
962 2667 1060 2740 Quam
1087 2668 1128 2726 ob

88 2784 150 2825 rem
170 2763 268 2825 disces
284 2774 315 2824 tu
335 2763 456 2840 quidem
474 2763 638 2840 aprincipe
653 2764 741 2824 huius
759 2763 863 2824 aetatis
884 2763 1127 2840 philosophorum

88 2861 222 2923 etdisces
231 2863 379 2938 quamdiu
388 2864 581 2936 voles-tam
592 2860 642 2921 diu
651 2873 750 2921 autem
759 2863 834 2920 velle
844 2861 975 2934 debebis,
987 2863 1086 2937 quoad
1098 2874 1127 2922 te
1141 2880 1168 2928 15

88 2969 231 3036 quantum
254 2957 390 3035 proficias
408 2977 471 3020 non
488 2956 651 3034 paenitebit
660 2958 764 3032 3-sed
783 2968 883 3016 tamen
905 2968 1005 3016 nostra
1027 2958 1127 3034 legens

88 3074 149 3114 non
182 3054 308 3113 multum
341 3071 359 3110 a
393 3051 594 3128 Peripateticis
628 3051 809 3124 dissidentia,
837 3050 977 3128 quoniam
1011 3052 1127 3129 utrique

88 3148 229 3211 Socratici
249 3160 279 3208 et
301 3147 444 3208 Platonici
464 3150 600 3207 volumus
621 3168 694 3222 esse,
717 3149 756 3208 de
776 3149 863 3207 rebus
884 3147 953 3224 ipsis
974 3149 1055 3209 utere
1076 3161 1127 3209 tuo

87 3245 312 3307 iudicio-nihil
339 3245 418 3305 enim
452 3244 632 3322 impedio—,
661 3245 824 3304 orationem
858 3256 957 3304 autem
991 3245 1127 3304 Latinam

87 3342 196 3404 efficies
209 3342 343 3418 profecto
357 3340 489 3418 legendis
503 3341 611 3402 nostris
624 3340 796 3418 pleniorem.
819 3343 885 3401 Nec
898 3360 967 3400 vero
981 3342 1039 3401 hoc
1052 3361 1127 3402 arro
1139 3362 1170 3396 20

86 3449 190 3516 ganter
203 3438 316 3498 dictum
330 3435 490 3497 existimari
503 3437 599 3500 velim.
642 3440 721 3497 Nam
734 3436 962 3514 philosophandi
976 3437 1127 3497 scientiam

88 3536 257 3596 concedens
279 3532 388 3607 multis,
413 3534 495 3610 quod
517 3545 561 3594 est
583 3535 705 3594 oratoris
726 3534 875 3610 proprium
899 3543 968 3610 apte
989 3533 1127 3594 distincte

87 3641 190 3690 ornate
206 3619 313 3702 dic'ere,
327 3628 469 3706 quoniam
487 3627 519 3687 in
535 3648 572 3689 eo
593 3629 691 3689 studio
710 3639 837 3688 aetatem
854 3629 1031 3705 consumpsi,
1051 3628 1075 3689 si
1095 3629 1127 3690 id
1219 3693 1221 3697 ,

86 3723 159 3784 mihi
180 3742 309 3796 assumo,
332 3721 434 3785 videor
455 3723 486 3784 id
510 3743 578 3784 meo
606 3723 667 3783 iure
695 3724 825 3800 quodam
848 3724 940 3784 modo
967 3722 1124 3784 vindicare.

185 3837 214 3885 18
231 3834 277 3900 [et]
289 3835 407 3887 Socratici
422 3836 459 3886 Or
489 3841 500 3897 ss
534 3852 565 3887 ao
582 3844 722 3902 arroganter
732 3836 780 3886 hoc
795 3837 916 3886 Orcontr.
930 3836 995 3887 codd

973 3955 1046 3994 1-2
