2670 4296
128 236 182 278 112
375 214 425 275 De
441 217 606 276 contentione
623 216 746 275 Honesti
762 221 790 275 et
813 217 901 278 Wr'lrs
1001 215 1065 298 [111
1080 235 1103 277 x
1117 221 1156 292 46

125 384 357 445 mendandorum
379 402 495 442 suorum
516 401 604 441 causa
623 383 835 459 postulavisset,
849 403 900 443 vas
921 386 1013 444 factus
1032 385 1069 445 sit
1087 387 1160 446 alter

124 482 188 545 eius
210 481 339 553 sistendi,
354 491 394 553 ut,
410 480 434 539 si
455 480 504 539 ille
525 499 587 538 non
607 473 978 554 revertisset‘moriendum
1000 492 1076 542 esset
1096 481 1160 559 ipsi

126 580 187 657 Qui
204 599 273 639 cum
292 574 331 637 ad
349 574 435 638 dieiu'
447 596 479 637 se
496 576 661 652 recepisset,
676 577 834 636 admiratus
849 597 951 639 eorum
964 579 1056 642 fidem
1069 589 1164 656 tyran·

126 694 182 736 nus
195 675 304 752 petivit,
319 685 351 733 ut
365 680 397 735 s'e
410 675 450 733 ad
463 673 621 732 amicitiam
634 673 752 733 tertium
770 674 954 734 ascriberent
996 676 1043 747 46.
1087 676 1166 736 Cum

125 772 212 850 igitur
224 773 264 844 id,
275 772 361 847 'quod
378 770 450 830 utile
470 770 585 830 videtur
606 770 637 828 in
659 769 793 842 amicitia,
809 790 878 828 cum
898 789 945 842 eo,
958 771 1041 847 quod
1061 772 1164 831 hones
1193 799 1208 848 5

125 880 189 929 tum
209 878 259 937 est,
273 876 465 943 comparatur,
489 866 582 926 iaceat
602 866 734 926 utilitatis
756 866 876 952 species,
899 868 994 926 valeat
1016 869 1163 929 honestas.

127 966 204 1025 Cum
223 955 319 1022 autem
339 963 369 1021 in
388 962 524 1045 amicitia,
539 983 615 1040 quae
629 964 753 1023 honesta
767 982 828 1032 non
842 973 918 1035 sunt,
933 964 1165 1039 postulabuntur,

126 1058 227 1136 religio
249 1069 278 1118 et
300 1059 374 1117 fides
396 1069 590 1135 anteponatur
605 1058 758 1118 amicitiae.
793 1058 842 1118 Sic
860 1059 1016 1119 habebitur
1028 1059 1061 1134 is,
1076 1078 1165 1137 quem

129 1153 314 1232 exquirimus
321 1154 444 1215 dilectus
458 1155 554 1215 officii.

78 1264 119 1314 xl
438 1253 497 1311 Sed
517 1250 647 1311 utilitatis
667 1250 766 1328 specie
786 1249 817 1323 in
845 1249 996 1327 republica
1034 1251 1165 1330 saepissi·
1180 1277 1210 1312 ιο

128 1363 342 1466 mffiriqsspspquffi
377 1366 426 1406 me
439 1357 585 1422 peccatur,
599 1357 633 1405 ut
646 1345 677 1405 in
692 1345 826 1410 Corinthi
836 1345 1048 1407 disturbatione
1058 1346 1165 1408 nostri:

127 1465 181 1506 aava
204 1466 257 1506 seen
282 1466 340 1506 ones
379 1445 478 1505 durius
492 1440 580 1518 etiarn
594 1433 799 1520 Athenienses,
814 1442 866 1520 qui
880 1435 1025 1504 sciuerunt
1035 1456 1069 1504 ut
1078 1427 1166 1524 Aegi·

127 1515 339 1556 drawntowhatis
428 1542 464 1558 .,
518 1542 524 1553 .
887 1536 922 1552 .·
1053 1543 1059 1555 .

126 1565 338 1622 ursyueappeqr-
376 1554 527 1618 net1s‚qu1
547 1543 638 1602 classe
658 1543 804 1612 valebant,
823 1543 944 1617 pollices
964 1544 1165 1619 praecrderen·

127 1615 338 1706 ²²¹⁰i,„21s,00},'¹⁰¹¹¹”
377 1650 430 1699 tur.
474 1640 545 1698 Hoc
558 1639 654 1698 visum
667 1649 712 1698 est
727 1637 810 1698 utile:
832 1638 918 1697 nimis
937 1638 1016 1698 enim
1033 1639 1165 1700 immine

375 1735 426 1794 bat
439 1746 557 1811 propter
570 1733 818 1810 propinquitatem
829 1733 1082 1810 AeginaPiraeea
1104 1736 1165 1796 Sed
1179 1756 1207 1806 ¹⁵

127 1832 200 1894 nihil
214 1834 295 1910 quod
308 1833 425 1892 crudele
438 1830 527 1890 utile:
548 1841 592 1890 est
606 1829 686 1889 enim
704 1828 860 1887 hominum
874 1840 1002 1904 naturae,
1018 1851 1108 1908 quam
1121 1851 1165 1892 se

126 1929 178 2006 qui
192 1920 342 2000 debemus,
357 1924 482 1984 maxime
496 1923 615 1982 inimica
628 1923 790 1984 crudelitas.
834 1941 881 1997 47.
914 1925 996 1985 Male
1009 1925 1098 1985 etiarn
1112 1925 1163 2002 qui

126 2025 292 2104 peregrinos
311 2023 432 2083 urbibus
452 2021 494 2081 uti
514 2020 670 2097 prohibent
691 2039 801 2101 eosque
821 2009 1022 2096 exterminant,
1037 2034 1070 2083 ut
1090 2026 1163 2083 Pen-

126 2140 182 2180 nus
202 2119 283 2195 apud
301 2127 397 2193 patres
418 2125 541 2186 nostros,
562 2113 669 2189 Papius
690 2133 800 2189 nuper·
832 2115 911 2172 Nam
932 2133 995 2174 esse
1016 2133 1069 2190 pro
1089 2115 1162 2188 cive,

125 2216 177 2296 qui
199 2215 269 2275 civis
291 2233 352 2272 non
370 2211 418 2284 sit,
433 2222 545 2271 rectum
567 2200 613 2269 estv
633 2229 694 2269 non
713 2210 808 2283 licere,
824 2228 912 2285 quam
926 2211 1021 2288 legem
1035 2213 1163 2292 tulerunt
1175 2239 1207 2274 ro

126 2309 333 2391 sapientissimi
347 2310 483 2368 consules
498 2309 618 2367 Crassus
632 2317 662 2366 et
676 2308 830 2367 Scaevola:
851 2326 906 2366 usu
921 2326 991 2368 vero
1005 2308 1084 2368 urbis
1098 2327 1162 2386 pru

374 2406 475 2466 hibere
502 2405 669 2482 peregrinos
697 2425 768 2466 sane
796 2405 990 2466 inhumanum
1011 2417 1062 2467 est.
1106 2409 1163 2468 Illa
1178 2429 1203 2440 ¹*

126 2486 338 2590 mffssssljstfflss
375 2502 528 2579 praeclara,
552 2500 583 2558 in
608 2501 715 2576 quibus
739 2500 873 2577 publicae
894 2501 1025 2561 utilitatis
1049 2502 1162 2580 species

126 2587 340 2691 ssgfisspffigaffig'df
374 2618 443 2676 prae
469 2600 622 2657 honestate
649 2597 855 2658 contemnitur.
898 2600 990 2658 Plena
1016 2602 1163 2677 exemplo·

127 2690 215 2740 aauty.
375 2697 440 2753 rum
454 2703 498 2753 est
511 2684 611 2753 nostra
623 2712 669 2752 res
682 2692 800 2768 publica
813 2711 881 2751 cum
896 2713 983 2770 saepe
996 2706 1059 2755 tum
1073 2695 1162 2754 maxi-
1174 2717 1205 2766 ²5

126 2809 174 2852 me
196 2791 274 2852 bello
296 2789 408 2850 Punico
431 2790 570 2862 secundo,
586 2808 662 2864 quae
685 2788 835 2849 Cannensi
855 2790 1020 2851 calamitate
1042 2803 1162 2868 accepta

126 2885 250 2945 maiores
271 2884 384 2944 animos
405 2881 507 2942 habuit
529 2902 618 2959 quam
639 2902 780 2959 umquam
796 2885 883 2944 rebus
905 2886 1060 2946 secundis:
1082 2889 1162 2946 nulla

126 2981 237 3043 timoris
251 2979 431 3058 significatio,
447 2980 527 3038 nulla
540 2979 651 3040 mentio
665 2980 752 3056 pacis.
795 2982 893 3040 Tanta
910 2982 953 3043 vis
972 2995 1017 3043 est
1034 2984 1159 3059 honesti,

125 3089 158 3138 ut
172 3077 301 3154 speciem
313 3075 443 3135 utilitatis
457 3076 601 3136 obscuret.
643 3077 689 3147 48.
719 3077 914 3140 Athenienses
927 3098 995 3137 cum
1009 3082 1161 3140 Persarum

126 3174 269 3249 impeturn
289 3173 371 3231 nullo
391 3172 481 3230 modo
502 3181 622 3246 possent
640 3171 781 3232 sustinere
801 3183 1019 3251 statueremque
1038 3186 1072 3235 ut
1089 3177 1160 3236 urbe
1175 3199 1205 3247 30

125 3268 233 3341 relicta,
254 3266 427 3344 coniugibus
454 3276 483 3326 et
510 3265 607 3325 liberis
634 3269 786 3327 Troezene
807 3268 955 3344 depositis,
977 3289 1065 3331 naves
1092 3290 1162 3331 con·
1259 3281 1266 3293 ‘

126 3365 299 3425 scenderent
325 3363 546 3449 libertatemque
567 3363 707 3433 Graeciae
734 3351 825 3436 classe
846 3365 1045 3439 defenderent,
1068 3365 1163 3444 Cyrsi-

126 3461 189 3521 lum
215 3458 364 3536 quendam
390 3458 572 3530 suadentem,
592 3457 676 3517 utin
699 3457 771 3518 urbe
797 3471 949 3521 manerent
974 3463 1160 3539 Xerxemque

463 3560 466 3567 .
527 3552 542 3576 ψ
850 3544 856 3551 ”
1145 3571 1148 3577 ,

176 3644 186 3679 1
205 3627 283 3678 sactus
299 3633 336 3676 est
349 3625 413 3676 codd.
427 3625 492 3690 quod
502 3626 611 3675 servavit
622 3627 652 3675 St
660 3627 734 3690 plene
743 3627 894 3690 interpuncta
904 3635 961 3692 post
975 3629 1046 3678 verbo
1061 3629 1126 3680 inter
1134 3645 1161 3680 se

125 3710 212 3768 fuisse3
228 3707 307 3756 factus
324 3705 356 3756 sit
375 3706 413 3756 Or
424 3707 466 3755 Bo
481 3706 562 3755 Heine
570 3707 611 3756 Lu
622 3713 680 3770 post
695 3707 844 3756 Munatium
879 3711 889 3765 ΙΙ
927 3708 956 3757 18
973 3709 1081 3758 Fannius
1092 3711 1123 3758 St
1131 3725 1162 3758 ex

125 3789 279 3839 Ber'ero‘com'.
326 3791 337 3846 ΙΙ
383 3801 414 3850 15
431 3803 504 3853 saepe
519 3787 581 3838 alias
600 3789 643 3849 Or,
659 3788 722 3851 confi
736 3799 758 3836 11
773 3787 944 3848 §20111586
956 3795 979 3838 et
994 3789 1048 3838 vide
1056 3789 1164 3851 lllodoin

124 3873 208 3935 Opnsc.
222 3871 298 3920 Acaal
311 3881 320 3919 1
328 3877 354 3933 p.
370 3884 424 3935 339,
438 3886 512 3936 saepe
522 3871 563 3921 Ba
574 3871 655 3921 Heine
664 3873 705 3921 Lu
715 3873 755 3922 Zu
1154 3861 1156 3865 ¹
