2670 4296
112 249 149 288 10
337 229 387 286 De
403 226 518 287 secundo
537 226 622 304 officii
630 225 715 302 fonte
731 226 792 285 sive
809 223 928 297 Iustitia
1010 221 1040 305 [Ι
1053 241 1098 284 vn
1114 243 1152 285 20

109 422 216 481 operae
230 422 375 481 curaeque
388 413 522 479 ponetur,
538 401 570 462 id
589 401 651 462 iure
664 400 839 474 laudabitur,
856 411 888 461 ut
902 399 933 460 in
946 399 1103 479 astrologia
1116 400 1151 463 C.

109 499 271 577 Sulpicium
290 498 464 571 audivimus,
480 497 510 557 in
531 497 692 574 geometria
705 500 770 558 Sex.
787 495 963 574 Pompeium
976 495 1033 574 ipsi
1046 515 1154 575 cogno

109 593 213 668 vimus,
229 595 337 654 multos
355 593 388 652 in
407 592 577 667 dialecticis,
592 594 689 670 plures
707 592 739 652 in
757 592 819 653 iure
838 592 936 653 civili:
955 611 1031 670 quae
1050 611 1154 652 omnes

109 701 185 751 artes
198 689 229 749 in
243 689 304 751 veri
317 689 539 766 investigatione
548 700 707 762 versantur,
718 688 801 748 cuius
812 687 910 748 studio
924 708 942 748 a
954 689 1042 749 rebus
1055 707 1155 766 geren·

110 785 156 847 dis
170 785 278 846 abduci
291 797 394 846 contra
407 785 536 846 officium
550 797 602 846 est.
644 785 767 845 Virtutis
781 784 861 845 enim
875 786 938 844 laus
952 784 1049 845 omnis
1062 784 1094 844 in
1107 804 1154 844 ac·
1182 813 1197 864 5

109 882 190 942 tione
205 881 344 956 consistit,
359 902 378 941 a
391 901 451 958 qua
458 893 558 942 tamen
568 883 600 941 fit
611 881 787 941 intermissio
796 900 884 957 saepe
893 879 1036 957 multique
1047 881 1155 941 dantur

109 979 149 1037 ad
163 978 259 1038 studia
272 979 401 1052 reditus3
420 989 484 1038 tum
498 977 617 1054 agitatio
631 977 746 1050 mentis,
759 996 834 1053 quae
849 996 1011 1053 numquam
1021 975 1156 1054 adquies-

109 1074 158 1148 cit,
174 1086 270 1152 potest
284 1094 338 1135 nos
352 1075 383 1133 in
398 1074 501 1134 studiis
515 1072 690 1151 cognitionis
704 1073 793 1134 etiam
804 1072 866 1132 sine
878 1092 967 1150 opera
977 1084 1076 1134 nostra
1085 1093 1155 1133 con·
1258 1104 1260 1106 v

109 1170 210 1231 tinere.
253 1170 358 1232 Omnis
373 1182 471 1230 autem
485 1169 624 1247 cogitatio
637 1180 794 1245 motusque
808 1168 899 1228 animi
912 1180 962 1229 aut
975 1168 1006 1228 in
1025 1168 1154 1230 consiliis

74 1287 75 1290 ¹
111 1266 262 1344 capiendis
281 1268 319 1327 de
340 1269 427 1326 rebus
443 1266 575 1326 honestis
594 1276 623 1325 et
637 1263 851 1342 pertinentibus
865 1265 904 1324 ad
918 1265 995 1325 bene
1008 1266 1153 1346 beateque
1169 1292 1198 1328 ιο

110 1363 269 1423 vivendum
293 1374 342 1422 aut
370 1362 400 1421 in
425 1361 528 1422 studiis
556 1361 695 1420 scientiae
722 1360 957 1437 cognitionisque
984 1360 1151 1423 versabitur.

110 1462 157 1519 Ac
171 1460 209 1519 de
222 1459 317 1536 primo
331 1458 452 1535 quidem
467 1457 555 1517 officii
569 1459 650 1517 fonte
664 1455 798 1516 diximus.

44 1570 96 1617 VII
112 1577 145 1618 or
160 1578 203 1618 the
223 1574 321 1617 secono
422 1573 466 1612 20.
510 1556 557 1613 De
571 1553 662 1612 tribus
676 1565 775 1613 autem
788 1551 907 1631 reliquis
920 1551 1060 1615 latissime
1073 1563 1154 1631 patet

111 1626 320 1747 οῗῗᾞξῒ
361 1673 396 1712 ea
416 1651 489 1711 ratio
510 1671 569 1728 qua
592 1650 716 1711 societas
744 1650 898 1710 hominum
922 1650 998 1711 inter
1024 1651 1104 1728 ipsos
1124 1650 1154 1712 et

160 1757 280 1802 s2o-sta
360 1745 438 1806 vitae
458 1745 541 1822 quasi
561 1744 756 1805 communitas
770 1745 945 1819 continetur,
961 1745 1044 1805 cuius
1058 1756 1154 1823 partes
1169 1765 1198 1815 15

135 1829 314 1932 waffissfst‘
362 1845 457 1917 duae3
477 1842 624 1915 iustitia,
660 1842 691 1901 in
718 1861 778 1918 qua
803 1841 917 1903 virtutis
943 1854 988 1902 est
1015 1843 1155 1920 splendor

132 1929 308 2020 seneii‘ince.
361 1940 513 2013 maximus,
529 1960 566 2000 ex
579 1959 637 2016 qua
656 1939 709 1999 viri
729 1939 803 1999 boni
821 1939 1019 2013 nominantur,
1034 1950 1065 2000 et
1084 1939 1155 2000 huic

359 2035 518 2095 coniuncta
551 2034 805 2108 beneficentia,
834 2054 925 2111 quam
952 2038 1079 2102 eandem
1107 2040 1154 2100 vel
1190 2107 1192 2113 A

141 2127 293 2179 0fJ¹¹⁸²³⁶⁸²
360 2131 571 2207 benignitatem
585 2133 632 2191 vel
646 2130 849 2191 liberalitatem
863 2133 1003 2209 appellari
1016 2133 1092 2195 licet.

135 2190 167 2219 cll
185 2190 286 2218 Vll-Xlll

163 2232 284 2278 ὕπο-Μ·
420 2229 480 2289 Sed
500 2228 658 2290 iustitiae
678 2228 805 2304 primum
819 2248 926 2289 munus
941 2241 993 2304 est,
1008 2242 1041 2291 ut
1055 2251 1093 2292 ne
1106 2231 1154 2292 cui
1167 2254 1200 2292 20

141 2302 329 2393 Wiiuffi
360 2324 426 2402 quis
453 2337 558 2385 noceat
586 2324 642 2384 nisi
669 2324 821 2385 lacessitus
847 2325 960 2400 iniuria,
985 2327 1095 2390 deinde
1122 2341 1155 2390 ut

116 2411 330 2504 {Jssssigmifffffp‘
356 2421 566 2484 ,communibus
586 2440 641 2498 pro
668 2421 875 2482 communibus
902 2434 1007 2498 utatur,
1035 2424 1155 2502 privatis

93 2573 95 2577 ,
110 2531 143 2578 ut
164 2518 230 2578 suis.
275 2538 322 2576 21.
364 2520 437 2579 Sunt
457 2528 555 2577 autem
574 2517 687 2594 privata
703 2519 783 2576 nulla
800 2531 911 2592 natura,
926 2521 980 2583 sed
993 2532 1043 2581 aut
1057 2534 1158 2584 vetere

111 2613 312 2690 occupatione,
334 2625 366 2673 ut
387 2613 438 2690 qui
451 2615 603 2690 quondam
625 2612 656 2671 in
676 2633 771 2672 vacua
786 2626 937 2689 venerunt,
958 2627 1008 2676 aut
1024 2616 1154 2692 victoria,

71 2762 72 2765 ,
111 2722 143 2770 ut
162 2710 213 2787 qui
230 2710 309 2771 bello
328 2709 414 2786 potiti
431 2719 508 2781 sunt,
529 2721 579 2769 aut
594 2710 666 2786 lege,
684 2709 830 2785 pactione,
851 2710 1035 2786 condicione,
1057 2725 1135 2775 sorte
1148 2736 1154 2774 :
1167 2736 1198 2788 ²5

110 2827 148 2868 ex
176 2826 235 2883 quo
262 2808 294 2865 fit
321 2816 353 2866 ut
380 2825 449 2882 ager
471 2804 598 2888 Arpinas
619 2804 806 2881 Arpinatium
827 2806 948 2881 dicatur,
969 2810 1155 2869 Tusculanus

110 2904 356 2971 Tusculanorum,
404 2900 565 2977 similisque
592 2913 636 2961 est
658 2901 833 2977 privatarum
860 2903 1080 2979 possessionum
1106 2906 1156 2966 de·

110 2999 238 3075 scriptio.
282 3001 326 3058 Ex
344 3017 413 3075 quo,
429 2997 499 3075 quia
520 3016 605 3057 suum
626 2996 767 3074 cuiusque
787 3000 827 3073 fit,
840 3018 942 3058 eorum
961 3019 1037 3076 quae
1053 3012 1157 3062 natura

110 3098 224 3156 fuerant
251 3094 429 3167 communia,
460 3094 541 3170 quod
569 3093 676 3169 cuique
701 3093 813 3171 optigit,
835 3093 867 3153 id
895 3094 1019 3172 quisque
1038 3106 1156 3158 teneat:

110 3211 128 3253 e
154 3211 215 3269 quo
242 3191 267 3251 si
294 3189 359 3267 quis
386 3189 443 3251 sibi
470 3199 597 3267 appetet,
618 3188 740 3249 violabit
759 3189 805 3248 ius
832 3191 978 3250 humanae
999 3190 1154 3252 societatis.
1168 3218 1200 3268 30

112 3308 158 3348 22.
200 3287 259 3347 Sed
283 3285 432 3364 quoniam,
454 3297 487 3345 ut
508 3287 654 3362 praeclare
675 3284 816 3361 scriptum
837 3296 881 3346 est
901 3305 919 3345 a
941 3287 1072 3361 Platone,
1094 3306 1156 3348 non

110 3382 196 3444 nobis
213 3384 309 3442 solum
329 3382 390 3442 nati
411 3401 511 3442 sumus
528 3392 666 3457 ortusque
680 3380 771 3440 nostri
785 3392 898 3457 partem
911 3382 1005 3458 patria
1016 3381 1155 3457 vindicat,

110 3490 223 3557 partem
240 3477 337 3552 amici,
352 3486 450 3555 atque,
472 3487 505 3537 ut
521 3479 618 3555 placet
634 3476 748 3550 Stoicis,
764 3496 840 3553 quae
859 3476 890 3535 in
906 3477 988 3538 terris
1000 3477 1157 3556 gignantur

161 3644 301 3695 aaudimus
315 3644 415 3694 Orcum
426 3644 495 3694 duob.
509 3645 575 3694 codd.
622 3646 632 3702 ΙΙ
679 3644 866 3708 scogitationis
876 3646 948 3710 vulgo
993 3648 1003 3703 ll
1052 3643 1082 3695 16
1092 3645 1156 3696 duae

112 3728 189 3791 [sunt]
208 3730 259 3789 Or;
275 3728 339 3777 duae
354 3734 410 3778 sunt
425 3729 467 3778 Ba
477 3728 527 3777 Hei
536 3728 586 3788 Lu,
599 3726 663 3776 duae
670 3727 780 3791 plerique
790 3728 854 3776 codd
886 3731 896 3786 ll
930 3737 960 3789 27
977 3727 1104 3792 discriptio
1114 3728 1156 3777 Ba

111 3809 152 3858 lu
162 3825 217 3858 cum
230 3825 280 3859 uno
293 3808 368 3858 codrke
401 3813 410 3867 ΙΙ
447 3825 478 3873 30
494 3825 524 3858 eo
535 3809 556 3857 si
572 3808 615 3873 qui
631 3808 679 3857 sibi
695 3807 751 3872 plus
765 3809 808 3869 Or,
822 3806 985 3874 equo...plus
995 3809 1048 3870 ala'i,
1061 3806 1156 3874 dequo

111 3889 192 3940 Heine
223 3893 233 3949 ΙΙ
269 3903 300 3954 33
317 3889 424 3954 [partem
433 3889 559 3954 parentes]
573 3890 611 3939 Or
