2670 4296
160 246 219 310 344
396 231 548 292 NOTES
585 233 676 291 Boou
690 231 740 290 III
763 249 816 291 cx
834 233 916 308 &44
929 238 967 311 43

208 408 276 453 qaue
289 399 364 444 salva
373 399 424 444 nus
439 397 525 444 fauore
541 394 636 455 Μαίη]
674 395 752 443 ‘what
768 395 801 444 he
817 411 864 445 can
880 396 914 445 do
925 397 1030 448 without
1046 398 1150 464 hunting
1164 399 1206 450 his

158 459 318 510 conscience?
351 460 434 510 These
444 460 525 508 words
536 459 659 522 belonged
671 466 698 508 to
709 460 752 508 the
769 460 911 522 prescribed
922 462 1033 522 formula,
1049 463 1112 512 with
1123 465 1207 514 which

159 527 201 575 the
212 525 304 590 parties
314 532 341 572 to
352 539 368 572 a
378 525 427 573 suit
438 524 518 572 called
529 540 545 572 u
580 540 597 572 n
608 525 651 573 the
659 524 756 587 judges,
768 525 843 573 taken
852 527 986 590 according
996 535 1022 576 to
1031 538 1206 593 arrangement

159 591 219 639 with
230 591 272 638 the
283 596 389 653 praetor,
401 595 427 638 to
438 589 525 638 decide
565 588 600 637 eir
611 589 659 638 suit
670 589 822 652 righteously
833 591 882 638 and
894 592 1111 656 conscientiously.

203 681 222 726 1.
236 682 273 727 28.
304 689 360 726 non
370 680 502 726 amtotttaa
512 677 591 738 tuos]
612 677 686 726 ‘such
699 677 867 741 (friendships)
880 686 945 727 must
957 688 1002 729 not
1013 681 1046 730 be
1057 672 1207 733 considered

157 740 325 805 friendships,’
335 744 349 802 ἕ
360 741 384 798 6,
397 743 487 805 Zumpt
498 742 542 790 Gr.
555 744 568 801 ξ
579 753 635 804 372.

159 903 173 962 ἕ
207 838 319 897 §tm
339 841 377 885 ²⁹.
411 817 601 898 communibus]
620 836 636 886 i.
643 853 669 902 q.
690 836 843 900 vulgaribus,
869 837 1017 902 ‘ordinary,'
1038 839 1206 906 ‘every-day,'

188 917 198 949 1
219 935 227 949 .

203 914 223 1043 ί
235 998 272 1043 tu.
307 997 337 1042 tn
348 991 609 1052 sementibus-tale]
627 991 669 1040 ‘in
680 993 723 1041 the
734 1009 789 1042 case
801 991 830 1041 of
838 992 904 1053 wise,
919 993 973 1042 that
984 993 1012 1053 is,
1026 993 1123 1058 perfect
1134 1011 1202 1055 men,

157 1056 227 1107 there
248 1066 338 1107 cannot
357 1059 389 1106 be
406 1057 528 1120 anything
547 1057 576 1105 of
592 1057 634 1106 the
651 1055 732 1115 kind,’
744 1074 784 1121 cp.
802 1055 896 1106 deam.
909 1060 922 1117 9
935 1061 964 1121 38
984 1059 1092 1122 quodsi
1109 1067 1205 1109 rectum

157 1125 315 1171 statuerimus
325 1124 366 1171 vel
373 1122 496 1170 concedere
505 1122 593 1169 amicis
604 1122 729 1185 quidquid
737 1123 824 1181 velint,
838 1123 879 1170 vel
892 1123 1023 1185 impetrare
1030 1123 1062 1171 ab
1077 1124 1114 1172 eis
1131 1126 1206 1188 quid·

157 1186 837 1310 ttttttttsstulitttdtttttt'tttttt
847 1187 1204 1320 ttltltl‘tttt‘g‘ttr}

157 1316 184 1364 in
195 1315 231 1364 it.’
622 1307 625 1315 '
1002 1322 1005 1329 ’

204 1408 223 1453 1.
243 1410 280 1454 ³1.
315 1408 456 1454 Damonem
469 1409 497 1454 et
518 1407 650 1453 Phintiam
671 1404 733 1465 oet]
765 1405 840 1453 Tusc.
860 1417 880 1453 v
902 1407 915 1464 9
934 1403 964 1468 63
983 1413 1132 1470 quantopere
1147 1423 1203 1459 vera

157 1470 312 1532 (Dionysius)
324 1471 447 1518 amicitias
457 1470 610 1529 desideraret,
623 1485 731 1532 quarum
751 1468 920 1530 infidelitatem
938 1471 1110 1531 extimescebat,
1124 1472 1201 1521 decla·

156 1535 227 1582 ravit
243 1534 272 1582 e'n
291 1535 484 1597 Pythagoreis
500 1534 593 1582 duobus
612 1533 670 1590 illas,
688 1550 794 1597 quorum
811 1550 866 1581 cum
886 1535 990 1582 alterum
1008 1536 1094 1583 vadem
1115 1537 1203 1585 resonis

157 1599 286 1662 accepisset,
300 1598 369 1657 alter,
383 1605 412 1646 ut
422 1600 507 1646 vadem
523 1614 598 1646 suum
614 1598 736 1657 liberaret,
747 1605 844 1662 praesto
852 1598 946 1660 fuisset
962 1599 998 1646 ad
1009 1599 1096 1647 horam
1117 1604 1205 1650 mortis

156 1664 309 1720 destinatam,
331 1663 449 1712 ‘Utinam
460 1662 513 1725 ego’
525 1663 612 1726 inquit
624 1663 726 1711 ‘tertius
736 1663 800 1711 υοόίς
810 1664 903 1711 amicus
914 1661 1076 1712 adscriberen'
1111 1665 1204 1714 Cioero

157 1743 236 1776 seems
246 1736 273 1775 to
285 1727 349 1776 have
360 1728 434 1775 taken
446 1728 485 1776 his
495 1736 600 1776 account
611 1727 640 1775 of
654 1728 769 1775 Damon
786 1729 836 1775 and
853 1728 987 1776 Phintias
1003 1727 1068 1777 from
1082 1728 1203 1780 Timaeus

157 1807 198 1856 ap.
211 1792 316 1840 Diodor.
329 1792 405 1841 Sicul.
418 1803 447 1839 vt
458 1808 505 1855 243
518 1789 600 1854 (Tom.
614 1803 636 1840 11
648 1807 673 1856 p.
686 1805 699 1851 5
703 1805 733 1854 54
741 1792 757 1842 ί.
772 1792 812 1840 ed.
825 1793 1021 1856 Wesseling):-

204 1873 327 1920 Διονυσίου
347 1873 525 1932 τυραννεύοντος
546 1873 666 1919 Φιντίας
687 1887 723 1918 τις
748 1871 918 1932 Πυθαγόρειος,
940 1872 1147 1932 ἐπιβεβουλευκὼς
1169 1870 1207 1933 τῷ

157 1938 271 1998 τυράννῳ,
290 1939 386 1994 μέλλων
405 1937 432 1984 δὲ
451 1938 494 1995 τῆς
512 1937 624 1997 τιμωρίας
643 1936 781 1996 τυγχάνειν,
800 1937 909 1993 ἡτήσατο
928 1937 994 1996 παρά
1011 1937 1053 1982 τοῦ
1076 1938 1203 1986 Διονυσίου

156 2004 242 2062 χρόνον
254 2003 285 2050 είς
295 2003 323 2049 τό
334 2003 388 2060 περί
400 2002 447 2048 τῶν
463 2001 526 2048 ίδίων
544 2002 658 2062 πρότερον
672 1998 688 2047 ά
703 2002 816 2061 βούλεται
832 2001 957 2057 διοικῆσαι,
971 1996 1054 2046 δώσειν
1069 1999 1090 2048 δ’
1110 2003 1202 2060 έφησεα

157 2068 278 2128 ἐγγυητὴν
288 2068 330 2112 τοῦ
342 2066 444 2113 θανάτου
455 2067 532 2123 φίλων
543 2066 591 2111 ἕνα
602 2066 645 2112 τοῦ
657 2065 682 2112 δέ
693 2065 809 2112 δυνάστου
821 2066 987 2118 θαυμάσαντος
1000 2065 1020 2111 εί
1031 2066 1137 2115 ποιοθτός
1148 2067 1202 2114 ἐστι

157 2133 234 2191 φίλος,
247 2132 272 2179 ός
281 2130 363 2178 ἑαυτόν
375 2131 405 2178 είς
416 2131 460 2187 τὴν
471 2130 565 2186 είρκτὴν
578 2127 626 2176 ἀντ’
639 2130 727 2176 ἐκείνου
739 2131 883 2188 παραδώσει,
895 2130 1077 2186 προεκαλέσατό
1088 2147 1143 2178 τινα
1154 2132 1202 2178 τῶν

157 2197 279 2256 γνωρίμων
301 2194 314 2242 ό
335 2196 458 2249 Φιντίας,
481 2194 585 2250 Δάμωνα
608 2194 689 2251 όνομα,
712 2193 913 2253 Πυθαγόρειον
936 2194 1078 2253 φιλόσοφον,
1098 2196 1124 2243 ός
1146 2195 1201 2243 ούδέ

157 2262 272 2308 διστάσας
282 2260 369 2318 ἔγγυος
381 2260 445 2306 εύθός
456 2260 558 2317 ἐγενήθη
570 2259 680 2305 θανάτου*
693 2259 753 2305 τινές
767 2259 809 2311 μέν
827 2259 867 2304 ούν
885 2254 984 2318 ἐπῄνουν
1001 2261 1044 2315 τὴν
1062 2259 1200 2320 ὑπερβολὴν

157 2327 199 2382 τῆς
210 2325 331 2385 πρδςποὺς
343 2325 427 2383 φίλους
439 2324 533 2382 εύνοίας,
548 2323 609 2371 τινὲς
621 2324 645 2370 δέ
657 2322 700 2369 ποθ
711 2324 800 2382 ἐγγύου
812 2324 955 2376 προπέτειαν
971 2323 1011 2370 καί
1026 2325 1113 2381 μανίαν
1131 2341 1200 2372 κατε-

156 2391 300 2449 γίγνωσκον·
315 2391 373 2449 πρός
385 2389 410 2435 δέ
419 2389 463 2444 τὴν
474 2389 621 2447 τεταγμένην
634 2386 694 2447 ὥραν
705 2386 768 2434 άπος
784 2387 796 2434 ό
814 2388 884 2445 δῆμος
901 2388 1050 2448 συνέδραμεν,
1063 2389 1201 2447 καραδοκῶν

158 2455 178 2499 εί
190 2454 289 2512 φυλάξει
300 2456 343 2512 τὴν
354 2455 435 2499 πίστιν
448 2453 460 2500 ό
472 2453 635 2508 καταστήσας·
646 2451 692 2509 ἥδη
704 2452 729 2498 δέ
737 2453 780 2508 τῆς
792 2450 853 2511 κόρας
864 2453 1043 2511 συγκλειούσης,
1056 2451 1146 2501 πάντες
1154 2454 1201 2511 μέν

159 2519 325 2576 άτεγίνωσκον
338 2516 443 2577 (‘began
455 2523 481 2564 to
492 2515 620 2578 dcspair’)'
633 2515 646 2563 ὁ
658 2518 682 2564 δέ
694 2517 810 2564 Φιντίας
821 2517 969 2564 ἀνελπίστως
980 2518 1020 2562 ἐπί
1031 2518 1073 2574 τῆς
1091 2515 1200 2576 ἐσχάτης

156 2581 199 2629 τοῦ
206 2582 292 2642 χρόνου
302 2582 376 2642 ῥοπῆς
389 2582 497 2640 δρομαῖος
508 2576 575 2639 ἦλθε,
587 2581 631 2627 τοῦ
642 2579 776 2637 Δάμωνος
788 2582 942 2641 άπαγομένου
954 2582 1011 2639 πρός
1020 2583 1064 2636 τὴν
1082 2581 1199 2642 άναγκην.

157 2643 294 2704 θαυμαστῆς
305 2647 330 2691 δὲ
341 2644 382 2703 τῆς
394 2647 475 2704 φιλίας
486 2647 598 2704 φανείσης
610 2644 708 2700 ἅπασιν,
722 2642 842 2691 ἀπέλυσεν
859 2645 871 2691 α’
891 2646 1009 2692 Διονύσιος
1026 2641 1069 2701 τῆς
1087 2648 1201 2706 τιμωρίας

156 2713 197 2758 τόν
212 2711 386 2770 ἐγκαλούμενον
400 2711 439 2757 καί
456 2707 607 2769 παρεκάλεσε
622 2712 676 2758 πυός
691 2707 779 2771 ἄνδρας
797 2711 876 2770 τρίτον
896 2709 980 2756 έαυτόν
999 2710 1030 2758 είς
1050 2712 1094 2770 τὴν
1112 2712 1198 2771 φιλίαν

154 2775 346 2835 προσλαβέσθαι.

203 2855 258 2902 The
270 2862 323 2902 true
334 2853 430 2902 version
443 2853 479 2911 (as
490 2853 572 2901 Cobet
583 2868 634 2901 was
646 2852 688 2901 the
700 2852 751 2901 first
762 2861 788 2901 to
800 2852 870 2916 point
882 2859 925 2901 out
941 2853 966 2901 in
981 2853 1020 2902 his
1036 2854 1197 2904 Miscellanea

158 2919 251 2968 Critica
266 2933 292 2980 p.
305 2934 349 2980 431
364 2917 402 2978 ff.)
414 2919 435 2966 is
447 2918 573 2966 doubtless
585 2918 638 2965 that
648 2918 722 2980 given
737 2918 763 2964 in
776 2918 928 2966 lamblichus
941 2918 993 2976 (life
1004 2918 1033 2965 os
1042 2919 1197 2982 Pythagoras

155 3000 177 3032 c.
191 2998 220 3046 33
233 2986 246 3042 5
258 2998 304 3044 ²34
316 2999 354 3046 sq.
366 2983 405 3031 ed.
421 2982 555 3045 Kiesslingt
572 2982 635 3030 from
646 2982 815 3040 Aristoxenus,
830 2983 887 3030 who
899 2983 975 3031 heard
994 2982 1035 3031 the
1052 2992 1121 3046 story
1132 2985 1197 3033 from

157 3047 291 3110 Dionysius
303 3047 407 3096 himself.
442 3046 497 3094 The
507 3062 611 3109 passage
622 3047 643 3094 is
654 3046 733 3094 worth
745 3047 919 3110 transcribing:

202 3130 265 3186 Φησὶ
282 3131 330 3190 γὰρ
346 3127 418 3177 οὕτως
433 3125 623 3186 ό’Δριστόξενος’
643 3128 763 3175 Διονύσιος
774 3128 883 3175 ἐκπεσὼν
897 3127 941 3185 τῆς
958 3127 1099 3185 τυραννίδος,
1111 3125 1196 3189 α’φικό-

155 3196 264 3252 μενοςείς
276 3194 402 3253 Κόρινθον,
417 3191 534 3241 πολλάκις
545 3193 600 3248 ἡμῖν
611 3194 717 3252 διηγεῖτο
727 3194 758 3238 τά
770 3194 822 3252 περὶ
840 3194 888 3239 τῶν
899 3193 960 3240 κατά
976 3193 1097 3240 Φιντίαν
1112 3210 1141 3240 τε
1157 3195 1195 3242 καί

155 3256 279 3316 Δάμωνα
300 3260 366 3306 τοὺς
387 3257 609 3317 Πυθαγορείους·
633 3254 664 3314 ἦν
691 3257 716 3304 δὲ
737 3253 815 3302 ταῦτα
836 3259 867 3304 τά
887 3259 941 3316 περί
962 3259 1007 3314 τὴν
1030 3256 1073 3304 τοῦ
1096 3256 1197 3305 θανάτου

156 3324 252 3382 ἐγγύην·
270 3320 320 3369 α’δὲ
330 3322 417 3382 τρόπος
428 3320 470 3378 τῆς
481 3322 618 3381 έγγυήσεως
628 3322 722 3368 παόσδε
732 3338 767 3368 τις
782 3319 819 3376 ἦν·
837 3322 901 3369 τινάς
918 3322 967 3379 έφη
985 3321 1032 3368 τῶν
1051 3323 1105 3381 περί
1123 3324 1196 3371 αὐτόν

156 3387 333 3447 διατριβόντων,
348 3388 370 3434 σί
381 3383 497 3433 πολλάκις
508 3384 631 3433 ἐποιοῦντο
647 3386 728 3441 μνείαν
745 3386 792 3430 τῶν
806 3386 974 3445 Πυθαγορείων
991 3387 1139 3446 διασύροντες
1156 3389 1195 3434 καί

156 3452 328 3508 διαμωκώμενοι
342 3451 381 3496 καί
396 3448 512 3512 άλαζόνας
524 3447 700 3497 άποκαλοῧνπες
712 3451 794 3496 αύτούς
805 3452 844 3496 καί
855 3451 976 3509 λέγοντες,
989 3447 1025 3496 ’ότι
1036 3451 1148 3510 έκκοπείη
1164 3450 1195 3499 dr

156 3517 233 3562 uuirdon
245 3513 260 3573 ἦ
270 3531 298 3561 τε
309 3515 423 3571 σεμνότης
434 3515 497 3572 αὕτη
509 3515 547 3561 καί
559 3515 574 3572 ὴ
586 3515 746 3573 προσποίητος
758 3514 837 3561 πίστις
853 3516 893 3560 καί
905 3514 920 3571 ἡ
936 3511 1048 3572 άπάθεια,
1064 3516 1087 3561 εί
1101 3531 1137 3562 τις
1153 3532 1193 3564 πε·

155 3577 291 3640 ριστήσειεν
304 3580 385 3626 αὐτούς
397 3580 428 3626 είς
439 3579 565 3638 συμφοράν
577 3575 712 3637 ἀξιόχρεων.
747 3577 934 3639 ’Δνπιλεγόντων
945 3579 970 3625 δέ
981 3580 1049 3625 τινῶν
1062 3581 1102 3626 καί
1112 3595 1194 3640 γιγνο-

156 3645 226 3701 μένης
236 3644 367 3703 φιλονικίας
380 3639 542 3700 συνταχθῆναι
553 3644 593 3689 ἐπί
603 3644 656 3691 πούς
668 3643 721 3702 περί
737 3643 858 3689 Φιντίαν
872 3643 950 3702 δρᾶμα
960 3641 1061 3690 τοιόνδε·
1072 3659 1194 3703 μεταπεμ-

157 3707 260 3768 ψάμενος
271 3705 284 3755 ὁ
294 3708 414 3755 Διονύσιος
425 3709 472 3766 ἔφη
483 3709 524 3754 τόν
538 3708 636 3753 Φιντίαν
650 3707 757 3753 ἐναντίον
768 3707 816 3752 τῶν
827 3708 967 3767 κατηγόρων
978 3706 1051 3754 aava
1061 3709 1143 3766 είπεῖυ,
1158 3711 1196 3756 ότι

156 3775 255 3834 φανερός
265 3773 353 3832 γέγονε
362 3769 425 3827 μετά
435 3787 505 3817 τινων
519 3767 678 3831 ἐπιβουλεύων
689 3767 761 3829 αὐτῷ·
779 3772 819 3818 καί
835 3770 907 3818 τοῦτο
917 3772 1087 3832 μαρτυρεῖσθαί
1102 3788 1130 3819 τε
1148 3772 1195 3822 ύπό

155 3839 203 3883 τῶν
214 3839 337 3896 παρόντων
351 3833 451 3890 ἐκείνων,
464 3836 503 3882 καί
518 3837 562 3894 τὴν
581 3832 745 3894 ἀγανάκτησιν
762 3836 867 3884 πιθανῶς
886 3833 948 3882 πάνυ
966 3836 1091 3896 γενέσθαι·
1110 3837 1152 3884 τόν
1170 3838 1196 3886 δὲ

156 3901 277 3949 Φιντίαν
293 3899 417 3958 θαυμάζειν
433 3900 474 3947 τόν
490 3899 574 3962 λόγον.
607 3898 637 3948 ὡς
654 3898 680 3946 δέ
695 3900 765 3948 αύτός
782 3897 907 3963 διαρρήδην
923 3900 996 3957 εἶπεν,
1009 3899 1046 3949 ότι
1062 3897 1196 3963 ἐξήτασται
