2670 4296
186 243 243 301 ²30
415 223 566 284 NOTES
604 223 723 281 Boonl
745 221 994 297 cxxxv115133

184 407 277 468 course,
288 390 348 441 look
359 398 385 440 to
401 399 487 441 nature
501 390 538 440 ior
552 390 632 451 both,’
648 390 711 439 both
727 397 808 439 aceto
821 390 853 439 be
869 390 952 439 traced
969 397 995 438 to
1011 397 1105 448 nature,
1116 404 1145 440 as
1162 389 1232 440 their

183 471 271 521 ongm.

231 520 471 581 omnino-verum]
488 522 501 581 5
513 520 551 582 83,
564 520 578 579 5
593 519 665 570 rael.
680 533 718 582 17.

230 606 249 651 1.
262 607 298 652 22.
334 601 460 662 alterum]
476 616 509 650 sc.
524 601 631 648 utclara
642 601 680 648 sit,

230 666 393 726 cramteno]
414 667 421 691 ‘
427 663 551 730 practice)
585 664 765 715 Demosthenes
776 665 797 715 is
808 680 840 714 an
851 660 960 714 eminent
973 663 1083 714 instance
1096 664 1123 714 in
1138 665 1230 730 point:

184 746 224 782 see
236 732 288 781 Cic.
301 732 333 780 de
344 738 405 779 orat.
419 743 428 778 1
441 729 505 790 561,
518 728 622 792 Quintil.
637 741 668 777 xt
681 741 703 788 3.

230 795 330 856 presse]
350 795 424 843 ‘with
434 811 450 842 a
461 795 533 853 clear,
547 794 647 842 distinct
658 791 832 842 enunciation’
864 795 948 842 Presse
957 793 1026 857 loqui
1038 793 1060 843 is
1072 799 1115 843 not
1131 795 1230 858 merely

184 865 223 910 ‘to
237 860 314 924 speak
329 857 469 923 concisely,’
480 860 524 907 but
541 866 568 907 to
584 858 661 922 speak
676 859 779 907 without
795 858 924 921 drawling.
937 873 965 906 so
981 873 1008 907 as
1023 865 1050 908 to
1065 873 1167 921 express
1183 859 1229 910 the

183 925 228 974 tull
242 925 322 974 sound
335 923 364 972 of
376 924 436 973 each
451 923 531 982 letter,
545 931 589 972 not
601 923 724 986 dropping
734 938 796 985 any:
814 923 845 973 de
856 930 919 971 orat.
932 924 1030 986 111541
1046 923 1101 971 nolo
1114 923 1229 986 exprim

183 990 276 1038 latinas
285 989 405 1053 putidius,
419 990 473 1037 reolo
486 988 612 1036 obscurari
621 988 781 1050 euglegentias
786 1002 800 1046 ,⁰
817 987 873 1036 nolo
886 987 958 1035 uerba
971 986 1069 1035 exiliter
1081 988 1229 1036 aenimate

182 1055 256 1114 exire,
270 1055 324 1103 nola
336 1053 426 1116 instato
441 1058 465 1100 et
480 1053 553 1116 quasi
569 1051 685 1100 anhelata
699 1053 809 1115 grauius,
823 1054 878 1114 543
890 1067 959 1099 nemo
973 1056 1007 1099 est
1022 1051 1083 1115 quin
1101 1051 1228 1100 litteratis·

182 1119 274 1167 sinuum
284 1125 418 1182 togatorum
429 1118 541 1165 omnium
555 1117 583 1177 Q.
602 1117 726 1165 l'ezlerieem
737 1117 860 1164 Smanum
874 1116 998 1164 lenitate
1010 1115 1074 1164 uocis
1088 1121 1162 1179 atquc
1175 1116 1230 1180 ipso

182 1184 232 1232 oris
241 1191 347 1246 pressu
362 1189 384 1230 et
398 1198 455 1231 sono
463 1181 541 1243 facile
555 1181 651 1229 vincat:
666 1182 715 1229 and
726 1183 740 1239 5
751 1194 780 1242 45
797 1181 904 1229 locutum
919 1196 969 1228 nou
982 1188 1069 1242 aspere,
1084 1196 1134 1229 non
1148 1187 1226 1246 vaste,

183 1263 233 1298 uon
244 1249 336 1308 rustice,
350 1263 401 1296 non
411 1247 494 1306 hiulce,
508 1247 551 1294 sed
553 1253 653 1309 presse
661 1252 684 1293 et
693 1245 827 1309 aequaliter
835 1252 859 1294 et
868 1245 964 1294 leniter.
998 1244 1035 1294 H·

230 1331 248 1378 1.
273 1333 312 1376 23.
343 1331 412 1376 111111
432 1329 486 1376 tait
508 1329 538 1374 111
564 1329 662 1374 catuna
685 1326 727 1385 111]
763 1325 846 1374 ‘there
866 1341 918 1374 was
935 1324 1041 1390 nothing
1061 1324 1087 1374 in
1108 1324 1152 1375 the
1174 1333 1228 1377 two

184 1393 265 1443 Catuli
292 1400 319 1441 to
344 1392 417 1440 make
442 1407 491 1454 you
517 1389 590 1439 think
615 1390 669 1439 that
693 1390 753 1452 they
773 1390 822 1439 had
844 1405 860 1438 a
880 1390 935 1440 nice
957 1398 1020 1440 taste
1042 1390 1068 1439 in
1088 1390 1227 1451 literature,

184 1458 227 1507 tho
259 1457 277 1505 h
293 1458 352 1520 they
362 1456 481 1519 certainly
491 1471 555 1504 were
571 1455 672 1503 imbued
687 1455 748 1502 with
765 1455 856 1514 letters,
874 1455 919 1503 but
938 1470 966 1503 so
982 1470 1047 1504 were
1062 1455 1146 1504 others
1160 1455 1224 1516 also,

184 1522 237 1582 (1.0.
267 1529 293 1570 ut
305 1537 338 1570 no
352 1536 420 1570 more
433 1521 493 1568 than
506 1520 589 1568 others
602 1519 675 1579 were)
686 1535 693 1577 3
710 1519 759 1567 and
772 1527 812 1581 yet
829 1520 888 1581 they
898 1534 964 1568 were
980 1519 1085 1583 thought
1099 1527 1127 1568 to
1145 1521 1226 1584 spenls

184 1587 257 1636 Latin
273 1586 333 1634 with
350 1586 391 1635 the
407 1592 512 1648 greatest
531 1581 629 1648 purity.'
661 1583 740 1632 Nihil
746 1583 806 1647 facit
823 1581 886 1648 (tale)
903 1591 932 1632 ut
950 1584 988 1632 ior
1006 1584 1048 1633 the
1066 1599 1135 1633 more
1153 1585 1227 1636 usual

183 1651 386 1715 nihil-quod:
409 1666 447 1714 cp.
466 1651 497 1697 de
517 1656 581 1698 orat.
604 1661 637 1697 111
657 1650 671 1707 5
690 1663 737 1710 114
753 1648 884 1711 quidsuit
905 1648 934 1696 in
956 1648 1172 1712 Graccho...quod
1188 1666 1229 1699 me

177 1723 256 1778 puero
270 1721 339 1763 tanta
352 1723 417 1778 opere
423 1715 544 1777 ferretur,
558 1713 625 1762 Ovid
637 1712 712 1762 Trist.
724 1725 746 1761 11
763 1732 785 1773 4,
802 1728 829 1762 21
846 1711 975 1776 quidsuit
990 1720 1020 1761 ut
1037 1719 1103 1761 tutas
1118 1714 1228 1775 agitaret

183 1781 308 1829 Daedalus
326 1779 399 1828 alas?
431 1779 485 1827 The
502 1779 593 1833 Catuli,
605 1777 684 1826 father
700 1778 749 1826 and
765 1792 818 1836 son,
837 1793 879 1825 are
894 1777 1037 1826 mentioned
1051 1778 1065 1836 5
1080 1776 1118 1839 76,
1132 1779 1146 1837 5
1160 1791 1227 1843 1093

183 1860 222 1908 cp.
240 1845 307 1893 Brut.
328 1844 467 1907 5133fieit
482 1844 561 1906 igitur
577 1843 606 1890 in
624 1843 729 1890 Catulo
749 1842 805 1901 (1.0.
823 1841 866 1890 the
880 1841 959 1902 elder)
977 1857 1054 1890 serem
1064 1841 1227 1892 Latium:—

183 1925 243 1958 nam
259 1910 287 1957 de
300 1924 357 1957 sono
371 1909 435 1957 vocis
450 1915 474 1956 et
488 1907 609 1954 suauitate
622 1907 825 1969 appellandarum
841 1906 990 1967 litterarum,
1003 1906 1123 1970 quoniam
1133 1907 1227 1970 filium

182 1974 318 2038 cognovisti,
332 1973 386 2021 noli
400 1979 521 2036 expectare
531 1970 595 2035 quid
605 1971 693 2018 duam.
728 1972 885 2034 Quamquam
891 1970 990 2032 filius
1000 1970 1098 2035 quidem
1109 1971 1228 2035 transuit

183 2039 212 2087 in
223 2045 346 2087 oratorum
357 2053 465 2096 numero,
479 2036 521 2084 sed
529 2051 578 2083 non
588 2036 669 2083 deerat
679 2036 703 2082 ei
713 2041 795 2083 tamen
811 2035 839 2083 in
850 2035 968 2083 sententia
983 2035 1084 2084 dicenda
1096 2051 1152 2083 eum
1158 2043 1226 2100 pru·

181 2103 264 2152 deutha
275 2110 330 2151 tum
341 2103 434 2165 elegans
444 2101 563 2165 quoddam
574 2107 596 2147 et
605 2099 729 2148 emeditum
741 2099 857 2148 orationis
863 2115 949 2163 genus.

182 2186 308 2313 dfiL'ffit
334 2185 380 2231 eed
397 2185 424 2230 01
440 2181 498 2242 elil]
520 2180 558 2229 lor
573 2180 624 2229 sed
640 2180 729 2228 etiam
745 2179 799 2228 alii
816 2187 905 2236 erant,
918 2182 931 2239 5
946 2195 989 2242 142
1002 2185 1100 2229 namet
1112 2180 1226 2231 orah'nem

198 2264 210 2296 e
229 2264 313 2296 naun.

149 2326 157 2337 “
229 2331 299 2378 12⁶.
335 2327 426 2387 11011111]
461 2324 536 2375 ‘their
546 2325 752 2390 pronunciation.'
781 2324 829 2388 Cp.
842 2324 979 2387 Quintilian
991 2326 1073 2387 11135
1087 2322 1227 2375 16dulcis

182 2408 228 2442 esse
239 2393 307 2452 debet,
322 2409 371 2440 non
387 2392 542 2455 exprobrans,
555 2406 628 2438 sonus
634 2404 646 2447 ;
662 2391 711 2439 and
726 2392 740 2448 5
754 2404 784 2451 33
800 2390 908 2438 dilucida
923 2390 971 2437 erit
981 2390 1157 2453 pronunciatio
1168 2391 1227 2452 pri·

183 2474 260 2516 mum,
273 2458 296 2505 si
304 2457 374 2505 uerba
386 2464 435 2504 tota
446 2456 557 2513 exierim,
571 2470 675 2517 quorum
682 2462 744 2517 pars
754 2455 873 2514 deuorari,
884 2462 946 2517 pars
955 2453 1054 2501 destitui
1062 2454 1125 2509 solet,
1132 2455 1226 2517 pleres-

182 2538 229 2586 que
238 2529 357 2570 extremas
367 2520 471 2582 syllabas
482 2535 531 2567 non
540 2519 723 2582 perferentibus,
737 2520 797 2567 dum
807 2519 925 2582 priorum
939 2534 996 2566 souo
1014 2518 1150 2580 indulgent.
1191 2520 1227 2568 Ut

182 2593 311 2635 astantem
328 2586 458 2633 necessaria
474 2585 601 2632 verborum
616 2584 762 2647 explanatio,
777 2584 813 2630 ita
829 2598 910 2631 ontnes
925 2583 1047 2646 imputare
1060 2589 1083 2630 et
1098 2583 1164 2630 uelut
1179 2585 1225 2631 ad·

182 2666 314 2700 numerare
323 2651 416 2698 litteras
424 2649 549 2696 molestum
558 2655 581 2696 et
587 2648 704 2696 odiosum.
726 2648 795 2696 Nam
803 2654 826 2695 et
833 2649 922 2695 vocales
921 2646 1121 2711 frequentissime
1129 2655 1224 2706 coeunt,

173 2722 204 2764 'et
212 2714 397 2765 consonantium
409 2713 527 2777 quaedam
540 2713 677 2776 insequente
686 2713 764 2760 vocali
771 2712 952 2760 dissimulatur.

228 2783 336 2828 litterae
349 2791 434 2836 neque
446 2789 583 2836 expressae
594 2789 679 2832 neque
693 2776 844 2837 oppressae]
873 2777 948 2825 ‘their
958 2775 1040 2824 words
1050 2791 1115 2824 nere
1125 2775 1226 2827 neither

181 2844 299 2894 mouthed
316 2858 361 2891 nor
377 2843 482 2901 minced,
495 2858 523 2890 so
539 2857 566 2890 as
582 2849 609 2890 to
625 2843 656 2889 be
667 2841 771 2889 without
787 2842 866 2889 either
881 2841 1004 2903 obscurity
1019 2856 1047 2889 or
1063 2840 1226 2890 affectation!

185 2909 317 2960 Obscumm
329 2907 402 2956 refers
414 2914 440 2954 to
448 2914 574 2969 oppressae,
582 2907 701 2970 putidum
712 2914 740 2954 to
749 2912 871 2968 expressae
879 2905 913 2967 by
923 2905 966 2953 the
976 2904 1052 2968 figure
1063 2905 1225 2956 ehiasmus.

183 2973 231 3023 See
242 2972 347 3035 Quintil.
360 2983 370 3019 1
385 2986 421 3028 11,
435 2990 450 3032 4
462 2972 587 3033 imprimis
601 2971 665 3019 uitia
680 2971 704 3018 si
717 2986 767 3033 qua
782 2976 844 3017 suut
858 2971 910 3018 oris
924 2970 1035 3029 eneendet,
1049 2977 1078 3017 ut
1087 2977 1226 3032 expressa

180 3038 233 3086 sint
243 3038 322 3095 verba,
336 3043 366 3084 ut
374 3035 426 3083 suis
435 3051 542 3098 quaeque
551 3037 645 3083 litterae
654 3035 719 3083 sonis
728 3035 896 3090 enuntientur.
935 3034 1097 3095 Quarundam
1108 3035 1175 3082 enim
1185 3037 1228 3084 vel

181 3103 290 3152 exilitate
305 3102 345 3150 vel
353 3100 503 3164 pinguedine
519 3100 600 3147 nimia
617 3099 762 3156 laboramus,
780 3099 899 3163 quasdam
922 3099 989 3147 velut
1007 3099 1109 3146 acriores
1124 3105 1224 3161 parum

181 3167 329 3232 1111111111
338 3166 398 3214 aliis
408 3181 458 3212 esau
469 3164 627 3212 dissimilibus
637 3164 679 3211 sed
685 3164 758 3226 quasi
767 3164 923 3212 hebetioribus
930 3169 1108 3226 perseeutamus.

228 3253 246 3298 L
260 3255 298 3297 28.
331 3247 463 3306 putidum]
491 3246 597 3309 putidus
612 3246 633 3294 is
643 3245 748 3309 literally
763 3246 890 3295 ‘offensive
902 3253 928 3294 to
939 3245 981 3293 the
992 3242 1082 3302 smell,’
1093 3244 1171 3292 hence
1184 3249 1226 3294 'to

182 3313 223 3363 the
238 3311 297 3388 ear,¹
310 3329 338 3360 or
352 3309 445 3371 ‘tastu’
457 3327 497 3374 ep.
509 3311 541 3358 ad
553 3311 608 3385 1111.
622 3322 630 3358 1
650 3324 679 3372 ¹4
695 3323 775 3358 vereor
791 3327 821 3384 ne
832 3311 1020 3395 putidumsit
1034 3311 1069 3357 ad
1083 3315 1106 3357 te
1120 3309 1226 3358 scribere

181 3395 256 3442 quam
267 3393 313 3426 um
324 3384 458 3439 ocaepatus,
472 3375 554 3423 where
565 3384 584 3422 1t
595 3390 680 3423 means
694 3374 830 3437 ‘pedenna
853 3375 977 3423 ‘affected

189 3474 193 3495 ⁵
229 3463 285 3508 eine
308 3460 473 3507 nnunuone
495 3455 556 3516 001]
591 3454 656 3503 ‘free
674 3454 737 3503 from
756 3455 841 3512 strain,
863 3455 941 3513 affort,
960 3461 1001 3516 yet
1020 3453 1116 3503 neither
1133 3469 1223 3503 mono·

181 3532 277 3583 touous,
291 3539 336 3571 nor
347 3530 390 3570 too
401 3521 475 3569 much
485 3516 646 3569 modulatedst
680 3520 711 3567 In
724 3520 791 3568 Brut.
805 3518 836 3568 66
848 3521 861 3578 5
873 3535 920 3581 234
931 3535 978 3566 vax
987 3535 1078 3567 canora
1092 3534 1178 3567 means
1192 3520 1224 3568 ‘a

181 3589 290 3647 musical,
305 3586 442 3636 melodious
453 3585 522 3633 voice
529 3582 544 3633 :'
561 3585 593 3633 its
603 3583 720 3648 meaning
730 3584 755 3632 in
767 3584 809 3633 the
820 3592 917 3647 present
929 3598 1032 3647 passage
1042 3599 1099 3646 may
1110 3583 1141 3631 be
1153 3583 1222 3632 illus·

180 3655 260 3703 trated
272 3654 305 3715 by
316 3667 351 3700 or.
364 3653 377 3711 5
390 3663 418 3712 57
435 3657 469 3698 est
484 3650 556 3698 etiam
573 3649 602 3697 in
618 3649 713 3696 diemde
728 3649 829 3712 quidam
845 3656 933 3696 cantus
948 3648 1076 3706 obscurior,
1095 3663 1146 3695 nou
1156 3647 1225 3696 hice

180 3719 291 3780 Phrygia
302 3724 323 3765 et
336 3717 413 3764 Carsu
423 3715 546 3762 rhetorum
556 3713 662 3776 epilogus
673 3720 751 3777 paene
766 3713 921 3772 canticum,
941 3713 982 3761 sed
995 3713 1042 3771 ille,
1059 3726 1128 3786 qaum
1143 3711 1223 3774 signi·

172 3782 237 3846 fient
251 3780 420 3830 Demosthenes
435 3786 458 3826 et
470 3777 607 3834 Aeschines,
621 3793 677 3824 cum
691 3777 754 3824 alter
763 3778 836 3825 alteri
843 3778 914 3825 abicit
927 3777 990 3825 uoces
998 3777 1125 3840 flexiones,
1140 3775 1222 3838 Quin-

181 3845 251 3894 tilian
261 3845 319 3893 inst.
331 3859 366 3892 or.
379 3854 409 3890 x1
422 3856 444 3903 3,
460 3855 489 3904 57
500 3842 542 3889 sed
549 3841 714 3905 quodcumque
722 3856 753 3889 en
763 3842 803 3889 his
816 3842 906 3889 ostium
922 3842 1002 3905 magis
1015 3840 1120 3898 tulerim,
1133 3856 1221 3903 quam,

181 3925 228 3976 quo
238 3924 306 3957 1111111
318 3907 424 3956 mraxime
432 3906 560 3955 laboratur
573 3905 602 3954 in
617 3906 698 3954 causis
710 3906 823 3954 omnibus
835 3906 972 3970 scholisque,
989 3904 1139 3964 cantandi,
1156 3906 1227 3970 quod
