2670 4296
117 227 179 287 'III
194 243 274 286 xxxr
291 225 360 309 112]
408 230 458 288 Dc
474 228 643 288 contentione
661 228 785 289 [sonesti
801 235 828 288 et
855 228 942 290 Utilu
1097 238 1171 308 ¹135

115 395 176 470 vit,
191 395 300 457 idcirco
315 396 370 456 sibi
384 398 543 456 honestum
558 408 587 456 et
602 396 708 457 sentire
722 396 772 456 illa
785 407 815 457 et
833 396 894 473 pati
914 396 1047 457 credidit
1091 400 1171 458 Nam

151 523 179 566 1,
193 515 338 576 othim.
377 496 458 571 quod
479 494 570 567 aiunt,
586 497 668 572 quod
688 496 774 555 valde
792 494 863 555 utile
884 494 930 568 sit,
945 494 976 554 id
989 492 1052 555 fieri
1065 495 1172 556 hones·

126 575 341 676 ssssfimbffiemfflss}
378 602 450 664 tum,
466 591 559 650 immo
574 610 643 650 vero
657 611 730 664 esse,
745 610 806 650 uon
820 590 891 651 fieri.
935 593 988 651 Est
1003 590 1083 650 enim
1097 591 1171 652 nihil

126 676 347 767 {ssdstffigssssgffif
377 689 449 748 utile
469 689 549 765 quod
566 687 646 748 idem
664 708 726 748 non
740 689 906 763 honestum,
923 709 988 761 nec,
1004 689 1074 766 quia
1088 689 1168 764 utile,

27 813 29 816 >
126 776 180 842 ²5¹⁶?
233 780 236 785 ’
378 786 544 858 honestum,
567 786 621 844 sed
642 785 712 861 quia
738 787 905 859 honestum,
927 785 1006 846 utile.
1050 787 1171 861 Quare
1203 803 1216 850 5
1267 814 1272 819 ’

16 1084 112 1136 XXXI

125 898 162 939 ex
188 880 287 941 multis
314 881 496 941 mirabilibus
523 881 666 958 exemplis
694 882 774 940 haud
795 881 879 942 facile
900 880 966 958 quis
987 881 1093 942 dixerit
1113 883 1171 942 hoc

125 980 262 1054 exemplo
275 990 326 1038 aut
339 978 515 1039 laudabilius
529 990 581 1039 aut
595 979 798 1055 praestantius.
1186 1040 1187 1044 ,

439 1096 503 1135 111.
544 1078 602 1137 Sed
623 1094 660 1136 ex
680 1087 743 1136 tota
763 1077 820 1135 hac
839 1078 927 1137 laude
950 1077 1057 1154 Reguli
1079 1093 1171 1137 unum

126 1147 293 1239 ῃκῖξῖυξῗζξ
302 1147 341 1239 „ii
378 1172 449 1234 illud
464 1184 509 1233 est
522 1173 716 1233 admiratione
735 1173 867 1250 dignum,
884 1174 966 1250 quod
984 1174 1115 1250 captivos
1130 1194 1172 1249 re,-

125 1261 149 1289 so
167 1248 296 1289 remarkable
318 1249 339 1288 in
391 1271 397 1284 ·
625 1271 630 1284 ·
944 1273 961 1285 ..
1054 1273 1060 1285 .

125 1311 153 1339 an
169 1311 209 1348 age
225 1297 293 1339 which
308 1312 340 1338 fe.
377 1274 515 1332 tmendos
530 1283 653 1332 censuit.
698 1275 778 1331 Nam
792 1274 875 1348 quod
888 1274 976 1333 redut
989 1275 1076 1334 nobis
1090 1293 1170 1333 nunc
1188 1292 1217 1326 ¹0

124 1348 339 1449 fflffissssss
376 1367 508 1428 mirabile
528 1367 653 1439 videtur,
670 1367 726 1426 illis
745 1369 867 1445 quidem
887 1368 1068 1444 temporibus
1089 1369 1172 1430 aliter

124 1448 340 1549 ξθρξξὲξὲύζξῇζζ
378 1466 473 1526 facere
500 1485 560 1526 non
589 1465 692 1542 potuit
737 1468 843 1543 Itaque
871 1465 926 1525 ista
953 1463 1017 1525 laus
1044 1477 1172 1527 nonest

125 1547 339 1647 ᾔζῗῖξζξῗρζᾗζ
377 1562 514 1635 hominis,
544 1563 597 1623 sed
624 1573 799 1639 temporum.
857 1564 980 1621 Nullum
1009 1559 1089 1622 enim
1112 1562 1174 1628 vin·

125 1648 211 1748 ἷζῗξῖξζ
228 1649 340 1749 3ζῇξοιῖζῖ
376 1661 475 1719 culum
509 1658 549 1718 ad
582 1656 800 1734 astringendam
834 1659 925 1717 fidem
958 1657 1020 1716 iure
1047 1656 1172 1717 iurando

125 1749 340 1850 fflgfomnou-
379 1752 503 1811 maiores
531 1752 620 1811 artius
648 1771 713 1812 esse
747 1753 911 1812 voluerunt.
968 1753 1006 1811 Id
1040 1751 1214 1823 indicant15

376 1851 455 1925 leges
483 1847 513 1906 in
538 1847 697 1907 duodecim
727 1848 844 1920 tabulis,
873 1846 1006 1907 indicant
1033 1859 1172 1921 sacratae,

125 1942 258 2005 indicant
285 1947 413 2016 foedera,
439 1945 544 2022 quibus
569 1944 658 2004 etiam
686 1963 757 2003 cum
784 1945 869 2005 hoste
893 1943 1063 2004 'devincitur
1088 1945 1171 2018 fides,

124 2040 258 2101 indicant
278 2040 414 2102 notiones
433 2040 763 2118 animadversionesque
782 2060 947 2113 censorum,
965 2040 1016 2117 qui
1035 2042 1117 2099 nulla
1134 2042 1173 2100 de

123 2159 155 2199 re
183 2138 350 2215 diligentius
380 2159 469 2215 quarn
498 2141 536 2199 de
565 2121 627 2200 iur'e
655 2139 780 2199 iurando
808 2139 985 2199 iudicabant.
1035 2158 1099 2202 112.
1136 2140 1170 2197 L.

125 2235 240 2296 Manlio
267 2239 304 2294 A.
327 2237 360 2308 F,
381 2255 450 2295 cum
472 2235 598 2296 dictator
621 2235 731 2308 suisset,
758 2238 800 2294 M.
828 2234 1011 2311 Pomponius
1038 2234 1171 2293 tribunus
1185 2259 1216 2293 πο

123 2329 219 2407 plebis
246 2331 326 2390 diem
356 2331 438 2402 dixit,
466 2333 549 2408 quod
571 2331 596 2392 is
617 2352 727 2408 paucos
756 2332 812 2392 sibi
840 2331 903 2393 dies
930 2334 969 2392 ad
997 2330 1171 2393 dictaturam

123 2429 283 2504 gerendam
299 2428 462 2488 addidisset
471 2451 480 2504 3
501 2428 710 2489 criminabatur
728 2429 826 2504 etiam,
842 2432 925 2506 quod
944 2430 1048 2489 Titum
1069 2428 1169 2502 filium,
1263 2425 1264 2429 ’

112 2523 176 2600 —qui
192 2536 296 2601 postea
316 2534 361 2583 est
380 2526 548 2601 Torquatus
571 2528 744 2602 appellatus,
767 2528 805 2586 ab
826 2525 996 2586 hominibus
1013 2527 1171 2603 relegasset

123 2631 153 2680 et
180 2620 238 2680 ruri
260 2621 392 2682 habitare
416 2621 554 2684 iussisset.
598 2624 689 2699 Quod
711 2644 781 2683 cum
808 2623 969 2683 audivisset
996 2624 1170 2684 adulescens

72 2771 77 2777 .
122 2717 199 2776 filius
219 2718 370 2795 negotium
389 2719 519 2780 exhiberi
532 2720 616 2796 patri,
632 2721 791 2781 accurrisse
805 2723 935 2780 Romam
949 2731 979 2781 et
992 2721 1169 2798 comprimo
1183 2744 1212 2791 25

121 2813 181 2873 luci
208 2815 366 2890 Pomponii
392 2816 515 2875 domum
535 2817 650 2877 venisse
672 2819 786 2879 dicitur.
830 2817 888 2878 Cui
908 2836 977 2877 cum
999 2829 1077 2878 esset
1098 2837 1171 2878 nun-

121 2912 235 2986 tiatum,
271 2912 323 2989 qui
356 2913 440 2972 illum
473 2914 580 2974 iratum
614 2918 769 2976 allaturum
803 2917 843 2977 ad
870 2937 901 2978 se
928 2915 1040 2992 aliquid
1067 2907 1171 2976 contra

112 3017 236 3088 'patrem
260 3010 453 3085 arbitraretur,
480 3012 600 3073 surrexit
623 3034 641 3074 e
666 3015 776 3075 lectulo
795 3014 975 3090 remotisque
995 3010 1110 3073 arbitris
1129 3014 1170 3073 ad

111 3126 154 3166 «se
177 3107 398 3167 adulescentem
420 3107 503 3168 iussit
526 3109 633 3170 venire.
675 3113 717 3170 At
741 3110 789 3172 ille
806 3121 840 3170 ut
861 3111 1007 3188 ingressus
1025 3120 1078 3182 est,
1100 3129 1170 3169 con·

121 3204 219 3266 sestim
246 3204 378 3281 gladium
406 3205 559 3267 destrinxit
587 3207 749 3284 iuravitque
776 3201 808 3267 se
835 3208 917 3267 illum
951 3205 1050 3267 statim
1083 3205 1213 3274 inter-30

121 3301 273 3373 lecturum,
296 3299 352 3359 nisi
372 3300 417 3360 ius
438 3300 594 3362 iurandum
623 3302 680 3364 sibi
707 3304 837 3364 dedisset
860 3323 892 3364 se
912 3315 1026 3380 patrem
1046 3303 1168 3364 missurn

121 3417 185 3460 esse
206 3399 360 3456 facturum.
403 3397 515 3457 Iuravit
536 3399 594 3459 hoc
614 3409 723 3460 terrore
747 3411 867 3460 coactus
888 3399 1070 3476 Pomponius
1074 3420 1084 3474 3
1104 3419 1167 3460 rem

121 3491 161 3551 ad
180 3492 325 3568 populum
346 3492 459 3566 detulit,
486 3493 588 3553 docuit
612 3512 676 3552 cur·
691 3492 746 3553 sibi
771 3513 861 3553 causa
882 3493 1022 3555 desistere
1046 3513 1167 3555 necesse

121 3598 207 3650 esset.
233 3588 379 3647 Manlium
401 3589 524 3650 missum
552 3590 629 3650 fecit.
672 3593 803 3650 Tantum
828 3590 1010 3668 temporibus
1038 3590 1094 3650 illis
1121 3589 1167 3650 ius

110 3685 278 3766 iurandum
304 3666 428 3746 valebat
474 3690 583 3765 ,Atque
617 3687 666 3747 hic
694 3691 729 3747 T.
754 3676 892 3773 ⁸Manlius
919 3687 943 3748 is
971 3698 1024 3761 est,
1052 3687 1105 3766 qui
1128 3688 1165 3778 ad
1180 3705 1208 3754 3⁵

171 3839 275 3890 a5vcum
290 3825 370 3888 primo
385 3825 434 3875 luci
446 3825 567 3875 SoHaeine
575 3825 618 3874 Lu
628 3824 666 3873 Bc
678 3824 716 3874 Or
756 3826 766 3881 ΙΙ
819 3837 848 3887 35
860 3823 944 3888 Atque
957 3823 999 3872 hic
1012 3823 1045 3872 T.
1057 3821 1167 3872 Manlius

120 3907 181 3959 -in
198 3907 276 3957 filium
295 3915 324 3957 ut
341 3908 455 3957 emblema
471 3907 566 3957 seclusit
581 3907 631 3967 Ba,
655 3905 813 3971 memnon
829 3906 882 3955 iam
900 3910 1029 3956 moverant
1040 3904 1167 3961 ,Emestio
